3067 4934
1402 300 1671 351 ΜΗτοι.
2529 294 2648 352 353

456 460 676 520 Matth.
704 478 833 539 cap.
862 461 1003 518 VII.
1036 478 1253 518 comm.
1280 463 1374 519 16.
1458 461 1599 523 Μήτι
1629 458 1937 533 mamista-u
1964 464 2067 520 ἀπὶ
2096 460 2328 519 §urbib
2347 463 2643 533 παφυλήνε

458 541 534 600 ad
578 543 843 601 verbum:
891 541 1194 620 Numquid
1240 560 1478 599 uvarum
1528 538 1806 619 colligant
1858 559 1928 597 ex
1972 540 2189 619 spinis?
2229 538 2270 598 i.
2296 558 2350 599 e.
2393 542 2646 601 Prorsus

459 598 663 683 nulia&
748 624 849 683 Sic
878 623 1091 681 Petrus
1123 620 1183 699 in
1216 623 1359 681 Act.
1392 622 1604 700 Apost.
1656 640 1783 700 cap.
1835 621 1911 678 X.
1959 640 2169 680 comm.
2216 624 2316 685 47.
2399 626 2538 687 Μήτι
2586 630 2642 683 τὶ

458 704 561 767 {53ae
617 715 848 765 κωλῦσαι
876 702 1095 765 δύναταί
1114 730 1219 773 τιςς
1269 702 1591 762 Redditur:
1637 704 1796 761 Num
1825 701 1950 781 quis
1977 724 2182 783 aquam
2199 703 2508 796 prohibere
2531 726 2643 785 po-

456 795 587 845 test.
646 786 844 845 Recte'
861 785 1119 863 quidem,
1139 795 1424 862 quantum
1446 783 1662 843 Latina
1683 784 2013 862 patiuntur:
2053 784 2284 843 interim
2305 804 2424 844 non
2447 786 2641 863 expri-

441 878 627 926 munt
653 867 798 925 illud
827 873 899 935 τὶ,
932 866 1093 945 quod
1119 866 1357 924 minime
1390 876 1481 923 est
1511 865 1785 937 otiosum,
1815 864 1920 923 sed
1946 865 2146 937 habet,
2176 866 2356 945 quod,
2383 866 2431 924 si
2459 865 2640 926 inter-

457 950 686 1027 rogatio
708 948 1015 1007 reducitur
1041 948 1116 1005 ad
1142 947 1543 1025 negationem,
1571 957 1773 1024 neget,
1804 946 2120 1026 quidquam
2159 966 2309 1019 esse,
2357 946 2518 1026 quod
2555 950 2639 1007 af-

369 1090 372 1095 ,
457 1030 598 1088 ferri
624 1030 830 1109 possit,
858 1049 965 1089 cur
991 1047 1201 1108 aquam
1230 1028 1361 1107 quis
1393 1026 1720 1108 prohibeat.
1807 1027 1926 1087 Sed
1952 1048 2028 1089 ne
2057 1028 2119 1086 id
2144 1028 2382 1107 quidem
2409 1028 2638 1101 sufficit,

459 1130 661 1170 verum
689 1120 869 1189 negat
894 1129 1129 1189 prorsus
1156 1128 1373 1189 aquam
1398 1128 1572 1189 posse
1600 1108 1914 1187 prohiberi.

543 1274 652 1333 IV.
680 1275 817 1346 Ast,
845 1272 947 1332 ubi
974 1271 1361 1351 interrogatio
1388 1270 1642 1350 figurata
1667 1290 1788 1331 non
1816 1282 1930 1345 est,
1969 1272 2148 1331 habet
2178 1278 2234 1333 τὸ
2261 1276 2315 1332 τὶ
2356 1270 2638 1331 indicium

460 1356 613 1417 serio
644 1354 866 1435 opinari
891 1354 1243 1433 incipientis,
1273 1354 1321 1411 si
1349 1352 1570 1412 bonum
1599 1354 1740 1433 quid
1767 1354 2054 1433 sequitur;
2095 1353 2185 1411 sin
2227 1364 2453 1427 contra,
2485 1354 2638 1413 serio

458 1438 793 1499 metuentis.
876 1436 1093 1495 Prioris
1130 1435 1467 1514 exemplum
1514 1446 1606 1494 est
1653 1435 1714 1492 in
1759 1436 1986 1513 Evang.
2043 1434 2266 1495 Matth.
2315 1454 2442 1515 cap.
2491 1436 2633 1494 XII.

460 1540 672 1581 comm.
698 1523 801 1579 23.
829 1519 931 1595 ubi
956 1518 1293 1589 multitudo,
1322 1516 1524 1575 videns
1551 1515 1832 1576 miracula
1861 1516 2102 1590 Christi,
2131 1516 2292 1576 serio
2321 1516 2525 1596 incipit
2571 1536 2635 1585 o-

459 1602 670 1683 pinari,
697 1600 861 1658 illum
888 1619 1015 1659 esse
1040 1598 1223 1657 filium
1254 1597 1518 1677 Davidis,
1549 1616 1730 1677 quare
1755 1592 2148 1657 dubitabundi'
2186 1598 2354 1678 quasi
2397 1608 2636 1677 rogant:

459 1689 599 1750 Μήτι
628 1683 749 1750 §riq
775 1684 947 1742 ἐστινὸ
978 1684 1065 1747 υἱὸς
1093 1678 1295 1750 Δαβίδς
1345 1679 1509 1738 Perit
1534 1689 1731 1738 tamen
1758 1680 1889 1739 haec
1934 1680 2085 1738 seria
2132 1680 2352 1758 opinio,
2401 1680 2636 1761 quando

462 1766 607 1843 quid
633 1767 985 1845 ταςιιωττιιιός
1012 1762 1329 1841 profertur,
1358 1771 1427 1819 ut
1452 1761 1512 1817 in
1543 1758 1770 1837 Evang.
1797 1762 2012 1819 Joann.
2041 1778 2170 1837 cap.
2214 1760 2389 1819 VIII.
2417 1780 2633 1819 comm.

462 1850 563 1905 22.
594 1845 696 1905 ubi
722 1844 939 1915 Judaei,
970 1862 1105 1903 cum
1136 1842 1403 1903 Christus
1432 1842 1682 1913 dixerat,
1721 1860 1839 1898 non
1864 1860 2036 1920 posse
2067 1859 2171 1899 eos
2195 1859 2259 1899 se
2299 1842 2488 1920 sequi,
2518 1860 2637 1920 quo

462 1928 725 1987 abiturus
748 1936 895 1996 erat,
924 1923 1349 1984 dubitationem
1378 1922 1666 2001 fingentes
1707 1942 1814 2003 per
1853 1921 2178 1981 irrisionem
2221 1920 2453 1981 dicuntz
2495 1925 2640 1988 Μήτι

457 2014 724 2074 ἀποκτενεῖ
742 2012 927 2074 ἑαυτὸν,
959 2008 1035 2067 ὅτι
1063 2006 1221 2080 aives·
1242 2008 1345 2067 ’ὅτε
1372 2006 1467 2078 ἐγὼ
1496 2006 1705 2077 ὑπάγω,
1752 2006 1888 2081 &mik
1916 2005 1951 2065 a?
1977 2001 2191 2065 &braca-90
2219 2004 2395 2063 ἐλθεῖν.
2451 2004 2520 2063 Ν
2519 2024 2636 2063 um·

463 2110 596 2150 nam
623 2111 683 2149 se
709 2091 831 2171 ipse
856 2088 1109 2147 occidet?

542 2254 620 2313 V.
665 2252 928 2312 Alterius
956 2255 1292 2333 exemplum
1320 2264 1432 2313 est:
1481 2270 1662 2332 quum
1693 2252 1969 2315 Servator
2007 2250 2069 2311 in
2115 2254 2425 2313 novissima
2469 2269 2641 2316 coena

464 2334 717 2407 dixerat,
749 2354 932 2393 unum
961 2354 1090 2394 esse
1119 2354 1197 2394 ex
1226 2334 1732 2409 accumbentibuS,
1761 2335 1862 2413 qui
1891 2354 1953 2393 se
1979 2334 2316 2414 proditurus
2359 2348 2506 2410 erat,
2551 2350 2638 2400 at·-

464 2418 687 2475 tonitus
708 2415 954 2495 quisque
977 2427 1175 2495 rogat:
1217 2421 1357 2482 Μήτι
1376 2418 1471 2492 ἔγιή
1493 2424 1618 2496 εἰμὴ·
1667 2416 1888 2476 Confer
1911 2415 2138 2496 Evang.
2163 2418 2386 2477 Matth.
2412 2418 2644 2479 XXVI.
2717 2458 2728 2463 -

466 2500 568 2557 22.
602 2507 663 2556 et
691 2500 790 2557 25.
820 2509 882 2556 et
910 2498 1105 2557 Marc.
1134 2496 1301 2556 XIV.
1341 2503 1435 2559 19.
2251 2493 2257 2501 ’
2357 2516 2365 2525 ·

548 2662 654 2723 VI.
698 2661 809 2720 Es't
837 2671 900 2720 et
928 2660 1029 2719 ubi
1058 2659 1394 2733 admirantis
1422 2661 1653 2739 signum
1679 2658 1903 2735 afferat,
1933 2674 2000 2722 ut
2029 2662 2187 2743 apud
2237 2660 2542 2743 Aristoph.
2578 2664 2640 2723 in

462 2744 622 2804 Pace
649 2764 704 2801 v.
734 2744 873 2804 325.
904 2742 1006 2802 ubi
1034 2742 1278 2802 chorum
1307 2742 1724 2823 tripudiantem
1768 2762 1891 2826 prae
1941 2742 2159 2823 gaudio
2195 2744 2461 2825 increpat
2491 2746 2642 2825 Try-

462 2844 646 2905 gaeuS,
673 2837 963 2895 metuens,
992 2842 1067 2882 ne
1094 2822 1210 2882 hoc
1241 2836 1407 2883 motu
1456 2836 1518 2884 et
1561 2824 1817 2883 tumultu
1859 2844 2076 2883 novum
2127 2824 2352 2884 bellum
2383 2824 2646 2887 'excitet-

468 2905 814 2986 Respondet
842 2905 1074 2974 choruS,
1102 2924 1225 2983 prae
1252 2905 1490 2984 gaudio,
1516 2906 1648 2987 ¹ipso
1693 2924 1757 2964 se
1784 2922 1906 2965 non-
1951 2916 2246 2979 movente,
2291 2916 2500 2987 sponte
2527 2906 2642 2967 sal-

460 3000 588 3049 tare
616 3008 814 3048 crura:
842 3020 925 3035 -—
951 2988 1109 3047 ’An'
1138 2988 1225 3062 ὑφ’
1244 2986 1402 3053 iboni}
1432 2992 1546 3048 Οὐκ
1571 2990 1670 3066 ipo?
1692 2992 1935 3060 κινέντος,
1963 2990 2099 3048 αὖτε)
2125 2993 2196 3048 τὰ
2244 2988 2405 3054 πόλει
2438 2990 2636 3072 negein-

462 3098 561 3131 τον.
646 3070 803 3129 Tum
832 3068 1141 3147 Trygaeus:
1184 3071 1323 3133 Μήτι
1352 3073 1444 3127 καὶ
1474 3070 1578 3129 νυνί
1597 3069 1651 3141 γ’
1669 3065 1766 3138 zu,-
1809 3099 1892 3117 --
1927 3066 2450 3138 Quid'etiammcm?

1306 3246 1770 3360 MHTOL

546 3473 598 3533 Ι.
640 3474 771 3532 Aut
793 3488 1113 3551 nunquam,
1142 3481 1244 3531 ant
1272 3481 1434 3531 certe
1461 3491 1595 3531 raro
1621 3469 1917 3531 invenitur
1934 3475 2086 3549 μήτοι
2098 3470 2442 3532 solitarium:
2485 3472 2638 3532 sicu-

461 3554 524 3615 bi
549 3564 748 3615 tamen
776 3553 1055 3626 occurrit,
1086 3552 1376 3613 constabit
1404 3572 1481 3611 ex
1507 3554 1590 3633 μὴ
1615 3552 2022 3637 ἇπαῲοςσυτικᾷ,
2069 3564 2129 3614 et
2172 3560 2254 3615 τοῖ
2295 3560 2634 3636 βεβᾶιοτικξῖ,

462 3636 843 3717 prohibitioni
868 3635 986 3693 vim
1013 3634 1287 3695 addente.
1371 3633 1563 3695 Affert
1589 3645 1787 3693 tamen
1816 3634 2070 3705 Budaeus
2101 3634 2332 3716 Synesii
2357 3638 2535 3697 verba
2575 3639 2652 3695 in·

464 3716 798 3779 comment.
828 3734 963 3797 pag.
993 3721 1135 3781 475.
1216 3720 1297 3779 Σὺ
1325 3714 1377 3777 δὲ
1400 3715 1653 3794 μηδέποτε
1681 3718 1970 3785 ratim-ems·
1998 3724 2036 3778 εἰ
2064 3716 2116 3780 δέ
2140 3740 2262 3781 ποτε
2308 3718 2482 3795 δεήσοι,
2527 3726 2634 3779 ἆλ-

468 3802 541 3863 λσὶ
566 3801 717 3879 μήτοι
744 3798 999 3875 φθίνοντός
1027 3826 1088 3876 γι
1114 3798 1279 3878 parcis.
1361 3798 1591 3857 Locum
1617 3817 1737 3857 non
1765 3796 1982 3858 inveni:
2023 3819 2248 3873 verum,
2267 3820 2404 3859 cum
2429 3797 2644 3882 sequa?

463 3890 563 3940 tur
588 3888 643 3941 τὶ
671 3908 733 3955 γι
758 3881 1069 3961 interjecto
1099 3882 1370 3956 φθίνοντος,
1402 3879 1479 3940 ad
1501 3884 1650 3959 μήτοι
1679 3878 1882 3939 referri
1908 3892 2120 3975 pptest,
2171 3893 2240 3941 ut
2279 3882 2355 3942 sit
2401 3886 2631 3962 μήτοιγε.

470 3960 561 4020 Tu
589 3980 879 4043 nunquam
906 3962 1173 4045 naviges.-
1216 3982 1408 4023 verum
1434 3962 1487 4022 si
1512 3982 1732 4023 necesse
1739 3964 1968 4043 sumt,
1996 3974 2058 4023 at
2085 3985 2161 4024 ne
2196 3964 2394 4025 saltem
2433 3964 2630 4041 subfi-

464 4062 591 4102 nem
616 4044 823 4105 mensis
842 4045 969 4123 fiat
996 4044 1307 4127 navigatio.
2649 4044 2656 4055 ¹

546 4204 635 4264 ΙΙ.
658 4204 801 4279 Se'd,
828 4219 1049 4287 quanto
1076 4208 1265 4267 minus
1290 4210 1459 4286 μήτοι,
1487 4218 1659 4269 tanto
1683 4164 1942 4269 crebrius
1970 4208 2229 4269 occurrit
2254 4212 2401 4289 μήτοι
2429 4208 2630 4284 γς,ἰιῑ)ὶ

458 4292 531 4369 μὲ
564 4287 695 4349 fere
718 4288 1013 4368 prohibet,
1042 4318 1117 4351 τοι
1145 4300 1457 4361 asseverat,
1486 4300 1548 4349 et
1574 4316 1636 4366 γε
1661 4290 1894 4364 limitat,
1923 4303 1990 4350 ut
2017 4290 2174 4370 apud
2202 4288 2476 4368 Xenoph.
2513 4292 2564 4351 C
2613 4323 2635 4339 ··

362 4416 373 4426 .
469 4388 601 4453 rop.
629 4367 716 4432 11.
744 4374 806 4433 3.
832 4372 932 4433 24.
960 4371 1063 4467 ubi
1090 4373 1282 4452 Cyrus
1318 4370 1455 4444 suia,
1506 4372 1977 4454 quandoquidem
2027 4372 2221 4435 omnia
2251 4370 2508 4453 duplicia
2573 4392 2634 4432 a·
