3067 4934
906 276 911 284 ι
976 249 1083 297 AN
1124 236 1594 298 VoLunrArnM
1639 237 1984 298 Ismenus.
2509 239 2589 296 35

570 403 823 488 Ἀτρείδη,
849 411 925 466 νῦν
951 404 1099 484 ἅμμα
1124 407 1681 486 raupa-amusium
1709 411 1792 467 ὂΐυ

584 487 691 562 Axia
716 490 1078 554 ἀτοπωτάτων,
1110 486 1157 548 εἴ
1173 490 1493 550 κεν-θάνατόν
1532 515 1596 562 γε
1623 488 1884 565 piammo-

406 651 641 718 Atride,
693 668 843 708 nunc
870 668 972 708 nos
1001 670 1064 709 re
1105 651 1319 730 insecta
1346 659 1752 711 retrocessuros
1789 657 1953 730 puto,
1985 647 2036 709 si
2061 657 2292 709 mortem
2340 651 2586 730 effugere

407 733 661 794 velimus·

492 895 613 954 111.
660 890 997 951 Voluntatis
1024 893 1282 972 inprimis
1308 893 1649 954 facultatem
1675 905 1888 966 servat,
1918 913 2096 972 quum
2122 912 2228 971 per
2255 891 2591 972 Imperandi

410 977 657 1036 modum
698 971 1031 1042 resolvitur·;
1093 986 1159 1034 ut
1186 993 1278 1053 ap.
1327 975 1477 1034 Plat.
1520 975 1580 1033 in
1611 973 1881 1047 Phaedro‚
1929 994 2045 1034 non
2073 975 2248 1052 longe
2295 975 2369 1033 ab
2397 973 2586 1032 initio:

413 1057 518 1117 ubi
549 1057 821 1116 Socrates
859 1055 1063 1116 audire
1090 1055 1353 1135 cupiens,
1396 1057 1609 1134 quibus
1649 1056 1724 1116 de
1753 1059 1926 1117 rebus
1955 1054 2212 1114 Phaedro
2249 1075 2384 1114 cum
2411 1054 2592 1134 Lysia

412 1158 606 1198 sermo
654 1133 882 1212 fuisset,
910 1137 1015 1196 ait:
1044 1139 1217 1211 Λίγυες
1265 1137 1343 1206 ὢν,
1376 1137 1415 1196 i.
1442 1157 1495 1196 e.
1522 1138 1644 1198 θὶλι
1689 1139 1866 1212 λέγω.
1952 1138 2093 1207 Dic,
2120 1137 2171 1194 si
2197 1138 2300 1196 vis.
2379 1138 2595 1196 Dicere

412 1219 691 1300 digneris.
773 1215 912 1288 Dic,
956 1239 1166 1300 qum-0.
1249 1220 1568 1297 Habetque
1609 1217 1752 1278 illud
1780 1218 1979 1279 nescio
2021 1217 2180 1298 quod
2220 1217 2595 1276 humanitatis

418 1300 724 1367 indicium,
776 1297 1005 1358 Socrati
1030 1311 1241 1379 praeter
1267 1300 1411 1360 alios
1441 1300 1758 1371 familiaris,
1807 1319 1923 1380 qua
1949 1318 2068 1358 non
2095 1309 2298 1379 aperte
2323 1299 2592 1377 imperat,

422 1381 547 1453 sed,
575 1391 642 1439 ut
666 1377 832 1448 velit,
859 1392 1046 1459 rogat.
1131 1382 1315 1442 Simili
1336 1383 1612 1442 comitate
1639 1403 1696 1461 p.
1715 1387 1855 1444 229.
1883 1383 1924 1440 l.
1951 1385 2043 1440 12.
2063 1380 2372 1440 Phaedrum
2403 1399 2595 1451 orans,

426 1473 493 1520 ut
530 1470 759 1541 pergat,
808 1466 1053 1544 τράγοις
1096 1462 1181 1535 ἃ»,
1219 1484 1417 1544 perge,
1446 1464 1546 1536 sis,
1575 1462 1786 1541 inquit,
1831 1483 1966 1522 cum
1991 1473 2190 1522 tamen
2237 1461 2412 1541 paulo
2459 1473 2596 1521 ante

424 1542 684 1626 dixisset,
719 1540 919 1622 xgo'aeye
942 1543 997 1609 δὴ
1023 1552 1113 1606 καὶ
1142 1547 1336 1614 σκόπει,
1368 1545 1429 1602 in
1458 1545 1830 1624 Imperativo.

506 1707 619 1766 lv.
660 1707 799 1766 Non
824 1726 1051 1787 semper
1078 1719 1277 1768 tamen
1304 1725 1377 1766 ea
1401 1707 1657 1777 dicendi,
1687 1725 1860 1783 quam
1887 1706 2103 1776 notavi,
2143 1705 2384 1764 comitas
2411 1706 2598 1778 adest,

426 1789 547 1847 imo
574 1789 661 1848 ita
696 1788 925 1849 locutos
970 1788 1149 1848 fuisse
1196 1787 1373 1848 etiarn
1422 1808 1558 1846 cum
1598 1787 1923 1845 violentiori
1968 1787 2210 1864 imperio
2249 1798 2479 1846 constat
2521 1793 2600 1846 e'x

434 1869 743 1949 Sophoclis
769 1870 1008 1930 Electra
1046 1892 1103 1930 v.
1136 1873 1311 1932 1498.
1394 1870 1552 1928 Nam
1595 1869 1836 1928 Orestes
1869 1867 2145 1945 AEgistho
2182 1867 2300 1924 vim
2339 1867 2603 1926 illaturus

427 1971 542 2030 pro
562 1950 801 2030 imperio
828 1952 1112 2032 loquitur:
2365 1993 2370 1998 -

589 2121 774 2197 Xugo‘i‘g
801 2114 866 2176 ἂν
894 2116 1002 2176 εἷο-α
1030 2117 1117 2175 σὺν
1143 2114 1319 2192 τείχει·
1348 2115 1511 2187 λὲγων
1539 2118 1642 2197 wig
1675 2117 1706 2172 ἴς

593 2205 702 2256 Νῦν
730 2199 855 2256 ἔστιν
883 2197 1049 2269 ’ἆιγῦη
1080 2199 1227 2255 ἁλλὰ
1254 2202 1340 2262 οἷς
1379 2195 1560 2273 ψυχῆς
1589 2196 1717 2277 riga.

444 2358 597 2426 Quin
628 2357 813 2417 intras
856 2356 1113 2416 celeriter
1120 2381 1147 2427 ,-
1190 2378 1303 2416 non
1330 2358 1477 2416 enim
1518 2356 1812 2416 verborum
1861 2355 1951 2418 hic
1977 2364 2255 2414 certamen
2285 2365 2388 2430 est,
2416 2359 2516 2418 sed
2539 2359 2608 2418 de

430 2440 616 2519 capite
630 2448 753 2498 tuo.

523 2601 597 2660 V.
641 2601 891 2668 Quoties
936 2601 1123 2661 oratio
1152 2611 1241 2660 est
1268 2601 1524 2680 obliqua,
1575 2599 1750 2659 etiam
1779 2619 1913 2658 cum
1959 2601 2318 2668 voluntatem
2367 2601 2608 2676 indicat,

444 2682 735 2742 Infinitive
755 2682 1043 2761 jungitur,
1073 2693 1141 2742 ut
1156 2701 1290 2741 cum
1310 2683 1467 2760 apud
1494 2679 1767 2758 Xenoph.
1797 2681 1988 2743 Instit.
2019 2683 2134 2741 ΙΙΙ.
2156 2703 2213 2761 p.
2247 2685 2344 2745 73.
2372 2695 2610 2762 rogatus

441 2763 785 2836 Armenius,
832 2783 971 2824 num
1001 2775 1263 2842 cuperet,
1312 2777 1378 2823 ut
1404 2763 1550 2822 illud
1595 2761 1803 2833 solum,
1853 2763 2010 2840 quod
2036 2764 2323 2822 incultum
2372 2777 2433 2823 et
2459 2765 2614 2824 iners

436 2845 697 2922 jacebat,
728 2845 951 2904 cultum
976 2845 1343 2916 redderetur,
1370 2843 1419 2904 si
1448 2845 1702 2904 cultores
1741 2843 1910 2902 solita
1935 2845 2258 2922 penderent
2285 2846 2614 2924 vectigalia,

440 2924 531 3064 {Za
559 2931 583 2986 ὅ
612 2927 860 3066 Ἀςμέηἱῖ
888 2931 1067 2988 mm&
1104 2926 1168 2988 ἂν
1192 2929 1614 3010 τέτοπςίαιθαι,
1643 2925 1930 3006 respondit
1951 2927 2278 3008 ‘Armenius
2317 2947 2522 3008 magno
2555 2947 2616 2986 se

442 3027 465 3066 2
534 3028 717 3067 emere
742 3029 807 3066 ve
852 3027 901 3066 e.

530 3169 640 3229 VI.
685 3171 837 3233 Cum
863 3171 990 3251 ipso
1015 3172 1195 3233 verbo
1238 3171 1507 3252 βιὲλιιμοιι,ι
1524 3172 1694 3240 ἐθέλω,
1747 3183 1850 3230 aut
1877 3171 1991 3230 alio
2018 3174 2283 3250 ejusdem
2329 3171 2615 3252 significa-

446 3249 627 3310 tionis
656 3263 993 3313 constructa
1021 3254 1150 3313 haec
1176 3254 1461 3333 particula
1506 3251 1839 3331 generalem
1867 3271 2029 3314 suam
2079 3255 2506 3334 genuinamque
2533 3255 2616 3314 fa-

448 3333 731 3400 cultatem
754 3345 1017 3407 exercet,
1048 3355 1183 3394 nam
1199 3335 1311 3394 illis
1338 3333 1475 3414 ipsis
1502 3335 1694 3394 verbis
1707 3335 2066 3394 voluntatem
2093 3337 2428 3397 notantibus
2447 3357 2616 3396 suum

446 3413 605 3474 tollit
632 3425 850 3488 actum,
878 3416 1055 3495 idque
1075 3417 1436 3496 quadruplici
1464 3416 1708 3476 ratione.
1790 3416 1872 3475 Et
1886 3418 2080 3498 primo
2107 3417 2342 3497 quidem
2369 3437 2618 3498 propen-

446 3513 581 3554 sum
610 3495 687 3554 ad
707 3497 1025 3576 optandum
1051 3497 1306 3558 animum
1333 3508 1519 3569 notat,
1547 3499 1728 3558 sinon
1749 3497 1968 3577 aliquid
1995 3500 2209 3570 obstet,
2239 3499 2396 3578 quod
2417 3510 2621 3578 optare

446 3575 749 3656 impediat.
832 3579 927 3638 Ita
962 3597 1067 3657 ap.
1095 3579 1245 3640 Plat.
1274 3577 1605 3657 Euthyphr.
1649 3600 1706 3658 p.
1737 3585 1793 3640 3.
1822 3579 1860 3638 l.
1889 3585 1949 3640 6.
2001 3577 2133 3660 [ed.
2160 3580 2422 3640 Fischer.
2461 3600 2513 3641 c.
2561 3584 2623 3641 2.

446 3657 623 3734 init.]
674 3659 906 3719 Socrati
930 3679 1171 3738 pravum
1197 3660 1396 3720 Meliti
1420 3661 1733 3720 adversarii
1771 3660 2028 3722 animum
2056 3673 2338 3728 consueta
2375 3680 2482 3722 sua
2508 3663 2620 3723 dis-

452 3738 825 3799 simulatione
852 3741 1097 3820 tegenti,
1124 3753 1188 3803 et
1227 3745 1353 3821 ejus
1380 3741 1841 3810 criminationem
1887 3741 1970 3802 ita
1994 3742 2419 3824 interpretanti,
2463 3746 2627 3826 quasi

450 3819 603 3878 nihil
649 3821 809 3880 aliud
835 3841 1008 3900 quam
1055 3823 1353 3901 publicum
1384 3825 1606 3883 bonum
1651 3823 1990 3904 respiceret,
2032 3826 2345 3905 respondet
2394 3826 2622 3907 Euthy-

448 3901 669 3981 phron:
731 3907 977 3980 βκλοᾴιην
1024 3901 1104 3972 ἂν,
1152 3904 1193 3965 ὅ
1218 3907 1503 3988 Balnea-rus,
1552 3907 1682 3966 ἀλλ’
1723 3903 1927 3990 ὄρῥυδὸ,
1971 3916 2044 3984 μὲ
2091 3911 2362 3972 τούναντίον
2409 3911 2624 3984 γίνηται.

456 3983 731 4063 optarem
759 3985 981 4064 quidem
990 4010 1017 4054 ,-
1062 3994 1125 4045 at
1151 4007 1366 4059 vereor,
1394 4006 1465 4044 ne
1484 3988 1830 4046 contrarium
1857 3989 2095 4048 accidat.
2181 3991 2458 4062 Secundo,
2485 3990 2624 4048 huic

453 4063 590 4122 usui
616 4064 840 4124 vicinus
868 4076 959 4124 est
984 4065 1154 4139 alter,
1184 4087 1321 4146 qun,
1348 4067 1720 4147 praecedente
1759 4076 1820 4140 ni,
1847 4067 2160 4130 voluntatis
2189 4071 2625 4132 inclinationem

450 4155 644 4217 notat,
676 4157 758 4219 et,
782 4157 847 4206 ut
867 4146 951 4207 ita
968 4147 1180 4221 dicam,
1208 4149 1331 4230 ipsa
1353 4147 1610 4210 voluntas
1637 4149 1796 4222 velle,
1814 4151 1874 4208 id
1895 4160 1985 4210 est
2003 4154 2368 4231 propendere
2387 4151 2627 4227 dicitur,

460 4226 851 4308 convenitque
886 4229 1139 4292 maxime
1166 4228 1643 4310 supplicantibus.
1684 4252 1738 4293 v.
1767 4253 1820 4294 c.
1849 4233 2112 4296 Priamus
2160 4235 2313 4316 apud
2343 4234 2523 4296 Hom.
2554 4236 2624 4296 11.
2726 4232 2744 4252 ⁸
