3067 4934
1326 274 1636 332 oncont'.
2448 267 2570 324 483

830 427 863 458 Ι

2193 463 2252 498 0·

730 557 1357 636 O'TKOT”N
1422 578 1533 634 ET
1621 550 2234 633 OT'KOTN.

474 743 526 802 1.
566 744 863 804 Particula
886 745 1011 806 ἠῢν
1036 745 1557 824 interrogationem
1595 746 1775 806 habet
1811 765 1952 806 cum
1995 745 2366 805 conclusione
2409 745 2568 804 cirea

395 842 541 900 rem,
582 846 701 886 non
722 825 1047 904 negandam
1073 827 1310 906 quidem
1336 828 1511 898 illam,
1543 827 1648 888 sed
1675 827 1944 908 negative
1969 827 2346 906 propositam,
2388 837 2566 906 atque

390 905 478 966 ita
501 927 608 986 per
632 927 697 966 se
724 907 985 981 affirmat,
1010 927 1119 968 seu
1140 909 1335 988 potius
1360 909 1801 970 affirmationem
1827 910 1996 969 alteri
2028 919 2361 988 extorquet.
2445 909 2562 967 Po-

434 1049 441 1056 ,
496 1007 565 1048 ur
591 990 789 1067 itaque
818 991 965 1060 &2315
1009 1010 1117 1068 pro
1144 989 1228 1074 εἶς’
1254 989 1431 1062 {siim
1479 992 1771 1070 Exempla
1796 992 1924 1050 haec
1951 1000 2146 1050 sunto.
2230 989 2414 1068 Apud
2442 989 2565 1048 Eu-

388 999 595 1148 ἓῧᾶη
620 1069 812 1130 Orest.
843 1091 897 1132 v.
925 1073 1063 1135 778.
1104 1071 1356 1150 Pylades
1387 1072 1641 1133 Oresten
1668 1085 1859 1152 rogat,
1904 1093 2063 1142 num,
2109 1073 2158 1130 si
2183 1071 2395 1142 abiret,
2436 1090 2567 1150 spes

391 1150 593 1209 salutis
639 1149 914 1229 affulgeat
924 1153 957 1212 ?·
1034 1153 1377 1231 Respondet
1424 1154 1694 1214 Orestes:
1751 1157 2036 1216 Fortasse.
2121 1155 2277 1214 Tum
2329 1153 2568 1211 conclu·

391 1229 587 1290 dendo
613 1243 783 1310 rogat
810 1232 982 1292 alter:
1028 1238 1196 1295 obxiii·
1224 1239 1348 1295 τέτο
1386 1241 1610 1329 soffia-con
1651 1236 1686 1307 ἢ
1721 1237 1898 1314 piretu
1987 1229 2199 1297 Nonne
2239 1235 2424 1315 igitur
2463 1233 2566 1294 hoc

383 1322 654 1392 proestat,
684 1334 849 1394 quam
876 1315 1137 1374 manere?
1179 1335 1235 1394 q.
1264 1315 1322 1374 d.
1362 1318 1411 1376 si
1431 1337 1491 1386 in
1518 1317 1664 1396 fuga
1689 1318 1883 1397 aliqua
1907 1318 2109 1377 salutis
2130 1335 2262 1396 spes
2284 1326 2394 1386 est,
2421 1315 2565 1375 hinc

387 1393 652 1475 sequitur
679 1394 977 1454 meliorem
1002 1395 1155 1454 hanc
1182 1415 1329 1470 esse,
1372 1417 1548 1478 quam
1573 1401 1623 1458 si
1662 1419 1916 1460 maneas,
2000 1401 2194 1466 Quam
2236 1396 2565 1457 conclusio-

284 1535 291 1544 ·
389 1493 529 1533 nem
553 1474 965 1554 interrogative
990 1476 1233 1555 profert,
1277 1491 1342 1539 ut
1368 1479 1453 1538 sic
1480 1498 1600 1536 non
1627 1491 1749 1539 tam
1775 1481 1898 1560 ipse
1924 1480 2040 1540 hoc
2076 1479 2358 1540 affirmare
2398 1479 2564 1538 vide-

386 1566 543 1628 atur,
581 1575 754 1635 quam
782 1556 1221 1618 affirmationem
1247 1579 1324 1619 ex
1348 1560 1576 1621 Orestis
1601 1579 1704 1620 ore
1731 1561 1879 1620 velle
1907 1561 2128 1621 audire.
2212 1563 2411 1628 Quum
2439 1560 2561 1620 Mi-

386 1656 567 1696 nerva
592 1638 749 1717 apud
780 1639 1054 1718 Sophocl.
1080 1640 1144 1698 in
1178 1641 1279 1704 Ai.
1323 1641 1409 1700 Fl.
1450 1641 1606 1701 foras
1646 1643 1928 1701 evocabat
1969 1644 2238 1722 Ajacem,
2280 1642 2564 1721 impedire

388 1719 664 1865 cupieqat
693 1719 955 1799 Ulysses,
984 1721 1143 1802 quod
1172 1733 1296 1782 erat
1322 1722 1524 1794 hostis,
1555 1743 1728 1802 quem
1750 1724 2068 1782 metuebat.
2151 1725 2305 1784 Tum
2335 1723 2568 1784 Miner--

384 1818 461 1860 xa
486 1819 540 1860 v.
610 1805 668 1864 9.

550 1969 720 2027 Οὗκὲυ
741 1966 900 2040 γίλυς
928 1964 1131 2038 ἥδιστος
1160 1975 1223 2036 οἷς
1254 1970 1442 2053 ἔχθςὲς
1471 1951 1628 2050 γελᾷ)
1637 2002 1656 2040 3

378 2131 694 2212 significat:
736 2132 784 2191 si
813 2135 975 2213 Ajax
1002 2143 1092 2192 est
1118 2131 1323 2204 hostis,
1366 2153 1442 2190 an
1471 2153 1584 2192 non
1612 2132 1793 2214 igitur
1801 2129 2251 2210 jucundissimus
2279 2137 2362 2190 est
2387 2128 2566 2198 visus,

380 2215 569 2295 quifit
584 2213 844 2295 periculo
870 2213 1085 2274 hostis?
1127 2213 1363 2274 Sciebat
1392 2213 1547 2272 enim
1575 2212 1635 2270 in
1664 2212 1972 2271 ridiculum
2001 2210 2260 2270 furorem
2289 2207 2563 2268 incidisse

382 2299 651 2376 Ajacem,
694 2299 861 2374 cujus
898 2294 1125 2354 insania
1154 2314 1272 2353 non
1301 2294 1519 2374 Ulyssi,
1565 2294 1669 2354 sed
1697 2293 2006 2372 pecoribus
2031 2293 2186 2351 foret
2213 2291 2558 2372 perniciosa.

464 2457 550 2517 ΙΙ.
592 2457 727 2517 Nec
756 2458 1053 2518 conclusio
1082 2477 1309 2537 semper
1336 2477 1413 2518 ex
1440 2455 1746 2537 praemissis
1774 2467 1864 2516 est
1887 2454 2172 2534 petenda;
2213 2475 2348 2516 nam
2368 2452 2562 2534 sequi-

382 2549 480 2598 tur
506 2557 957 2620 nonnunquam:
999 2543 1166 2620 cujus
1192 2538 1277 2600 rei
1302 2539 1533 2618 signum
1561 2550 1650 2598 est
1671 2537 1956 2617 particula
1973 2542 2106 2620 φὶς,
2136 2538 2228 2597 vel
2261 2534 2563 2617 {maiuvel

386 2620 546 2679 aliud
572 2620 775 2680 simile.
860 2621 1137 2700 Sequitur
1164 2626 1269 2706 γὰς
1295 2621 1449 2699 apud
1478 2619 1632 2679 Plat.
1673 2620 1734 2678 in
1776 2618 2007 2677 Phaedr.
2046 2638 2182 2697 pag.
2225 2623 2365 2683 270.
2407 2620 2562 2677 extr.

392 2701 505 2782 [T.
533 2701 612 2761 X.
642 2723 701 2780 p.
745 2705 883 2766 372.
926 2702 1020 2762 ed.
1046 2702 1231 2782 ,Bip.]
1280 2702 1399 2773 ubi,
1440 2713 1747 2782 postquam
1788 2701 2020 2759 dixerat
2063 2700 2357 2773 Socrates,
2399 2719 2559 2772 eum,

385 2781 492 2862 qui
514 2783 965 2862 disputationem
991 2795 1118 2843 arte
1145 2783 1427 2855 instituat,
1458 2785 1647 2862 ipsum
1674 2781 1838 2853 illud,
1869 2780 2028 2860 quod
2055 2801 2148 2840 res
2176 2793 2287 2853 est,
2316 2786 2559 2862 ejusque

381 2873 655 2926 naturam
682 2877 1155 2937 commonstrare,
1198 2864 1508 2924 assentitur
1536 2863 1837 2923 Phaedrus.
1921 2863 2076 2922 Tum
2102 2863 2316 2922 iterum
2347 2863 2559 2922 Socra-

380 2956 497 3006 tes:
541 2950 763 3011 Οὖκένῆ
803 2947 1018 3026 ἅμιλλαι
1057 2952 1201 3026 αὐτό
1236 2947 1446 3007 vivam
1488 2953 1612 3028 ”⁴3³⁶
1652 2950 1776 3006 τῧτο
1817 2952 1995 3014 τῖε-αις
2085 2945 2182 3003 An
2224 2965 2335 3003 non
2376 2944 2561 3023 igitur

386 3028 565 3088 omnis
592 3025 747 3086 illius
772 3044 1005 3087 conatus
1032 3049 1095 3087 eo
1122 3027 1343 3088 tendit?
1426 3027 1701 3105 Sequitur
1737 3025 2128 3085 conclusionis
2169 3025 2345 3084 ratio:
2390 3027 2559 3086 Πειθὼ

381 3113 487 3191 φὶς
519 3112 559 3168 ἓν
586 3108 725 3188 τότ-ᾇ
749 3117 897 3171 ποιεῖν
922 3109 1185 3192 ἐ’πιχειςιῖ.
1238 3108 1336 3168 Sic
1364 3107 1518 3187 apud
1551 3107 1849 3186 Aristoph.
1878 3107 1938 3164 in
1967 3107 2106 3166 Pac.
2134 3127 2190 3165 v.
2219 3110 2360 3167 363.
2391 3105 2558 3163 Mer-

382 3191 577 3249 curius
618 3189 904 3269 loquitur;
957 3191 1287 3260 'Au-bauan,
1334 3188 1376 3250 ὅ
1412 3188 1741 3268 κακόδαιμον.
1823 3188 2090 3259 Periisti,
2146 3210 2180 3248 o
2219 3188 2407 3247 miser.
2465 3206 2557 3246 re-

380 3271 631 3351 spondet
658 3273 832 3332 alter:
876 3277 1065 3342 Οὗιέν,
1101 3271 1156 3343 ἢν
1197 3275 1374 3350 λάχω·
1413 3273 1601 3354 Ἕςμῖς
1629 3275 1734 3353 yde
1777 3268 1841 3330 ὃν
1867 3273 2032 3353 κλήρῳ
2073 3273 2284 3336 ποιέο-εις
2326 3267 2421 3328 οἶδ’
2462 3269 2557 3329 ἴτε.

383 3355 593 3414 Nonne
619 3374 775 3433 ergo,
819 3355 872 3413 si
896 3355 1127 3414 sortitus
1140 3355 1350 3432 fiero,
1402 3353 1643 3435 (nempe
1663 3351 1962 3433 periturus
1988 3350 2188 3426 sum&
2233 3371 2386 3425 nam,
2429 3371 2553 3410 cum

383 3436 460 3496 sis
486 3435 841 3506 Mercurius,
868 3445 1019 3494 sorte
1018 3434 1238 3515 ficies,
1260 3433 1361 3494 hoc
1386 3433 1519 3497 scic.

458 3598 575 3657 111.
621 3587 896 3676 Sequitur
918 3595 1075 3661 ἐπειδὴ
1103 3595 1259 3675 apud
1287 3595 1438 3656 Plat.
1465 3594 1566 3654 lib.
1595 3595 1678 3654 11.
1707 3596 1781 3656 de
1806 3598 1956 3675 Rep.
1981 3613 2115 3676 pag.
2143 3601 2283 3660 365.
2315 3599 2426 3679 [Τ.
2445 3599 2553 3661 VI.

268 3679 271 3684 ¹
379 3701 437 3759 p.
459 3683 599 3738 222.
627 3679 720 3737 ed.
751 3679 919 3757 Bip.]
958 3682 1143 3746 Οὐκῖἔν,
1168 3676 1335 3741 ἐπειὸὺ
1362 3685 1419 3738 τὶ
1447 3676 1601 3739 δοκεῖν
1628 3681 1712 3741 ,τὸν
1740 3682 1979 3744 ἀλήθειαν
2000 3687 2204 3750 βιόἶταιι,
2238 3683 2319 3741 ἐπὶ
2347 3686 2471 3742 τέτο
2489 3679 2554 3744 ’ὃῆ

378 3761 611 3844 rga-rior
638 3761 792 3830 ἰ’λυςς
880 3761 975 3818 An
1003 3759 1201 3838 igitur,
1240 3759 1504 3840 quoniam
1531 3759 1778 3839 speciosa
1783 3761 2022 3840 justitia
2051 3761 2285 3821 veritati
2310 3763 2418 3820 vim
2448 3763 2552 3820 ad-

354 3845 517 3922 fert,
547 3863 659 3902 non
686 3851 836 3902 totus
860 3841 1082 3900 animus
1108 3861 1172 3900 eo
1200 3841 1606 3900 convertendus
1633 3839 1752 3899 est?

460 4005 571 4064 lv.
615 4004 890 4084 Sequitur
928 4023 1162 4082 quoque
1203 4004 1372 4077 ratio,
1429 3997 1664 4084 quando
1696 4003 1989 4086 'implicita
2029 4021 2117 4070 est
2158 4011 2220 4070 in
2261 4023 2554 4074 structura

381 4087 671 4164 sequenti,
698 4086 855 4166 apud
884 4085 1183 4164 Aristoph.
1212 4085 1374 4146 Nub.
1401 4106 1457 4146 v.
1500 4091 1642 4149 692.
1686 4087 1787 4146 ubi
1831 4089 2192 4172 Strepsiades
2231 4112 2270 4152 a
2311 4094 2555 4154 Socrate

381 4167 786 4247 reprehensus,
814 4167 973 4246 quod
1002 4166 1315 4246 Amyniam
1342 4180 1653 4230 vocaverat
1680 4169 2003 4242 mulierem,
2035 4173 2372 4253 respondet:

542 4337 711 4399 οὖκέν
736 4332 956 4410 δικαίως,
985 4334 1117 4404 ὅστις
1148 4337 1180 4396 ἃ
1208 4334 1531 4418 στςσιτεῦετιι
1539 4369 1557 4408 3
