3067 4934
658 597 1080 684 INDEX
1158 590 2270 693 PARTICULARUM.

612 1189 771 1246 Prior
806 1190 1067 1246 Numerus
1101 1191 1371 1264 Paginam,
1386 1149 1393 1156 ι
1406 1190 1655 1247 secundus
1691 1191 2094 1263 Paragraphum
2125 1191 2339 1249 indicat.
2421 1214 2432 1224 ·

871 1479 953 1536 A·
1603 1506 1916 1575 usurpatur
1943 1495 2002 1554 in
2031 1493 2466 1573 precationibus
2507 1502 2574 1552 et

370 1647 373 1650 ἢ
402 1575 409 1582 ’
1601 1577 1753 1636 votis
1781 1582 1843 1649 4,
1879 1581 1945 1636 11
1958 1620 1973 1637 ,
2016 1576 2077 1633 in
2103 1575 2404 1656 principiis
2443 1592 2573 1634 ora-

372 1641 547 1732 ’'Am
572 1655 629 1722 δὲ
662 1659 802 1729 127,
830 1661 889 1716 2.
1366 1703 1375 1716 ,
1602 1659 1831 1718 tionum
1859 1656 2355 1737 responsoriorum
2381 1660 2444 1730 5,
2479 1662 2506 1717 1
2519 1660 2577 1718 1.

373 1742 515 1817 ”Am
542 1751 604 1800 et
614 1738 809 1814 ’‘Aym
836 1743 977 1807 543,
1007 1741 1109 1798 25.
1601 1739 1798 1818 signif.
1823 1760 1892 1799 ac
1908 1738 2104 1820 polius
2132 1743 2195 1810 5,
2242 1739 2339 1798 12.
2364 1757 2442 1798 an
2481 1739 2573 1798 in-

382 1824 531 1884 ’ΛΝ
556 1821 621 1882 ὅ,
650 1825 790 1889 546,
822 1824 922 1880 33.
1599 1821 1896 1899 tei-roget?
1941 1825 2002 1892 5,
2036 1824 2133 1880 13.
2319 1817 2324 1823 ’

386 1905 469 1966 Αἵ
485 1913 769 1982 sequente
790 1899 879 1968 liv·
896 1921 1007 1982 pro
1027 1901 1119 1962 εἴτι
1136 1899 1442 1980 geminato
1518 1901 1703 1962 Ἀλλὰ
1759 1900 2082 1981 ellipticum
2137 1911 2408 1980 paratum
2452 1900 2577 1960 ani-

474 1989 613 2056 175,
643 1989 701 2046 5.
1601 2003 1765 2042 mum
1791 1983 1988 2062 signif.
2024 1988 2089 2055 6,
2123 1989 2176 2042 1.
2202 1983 2264 2041 in
2292 1982 2578 2064 objectio·

386 2067 515 2129 Αἴθ·
540 2066 733 2140 ὕφαλοι
764 2068 903 2138 182,
933 2070 991 2126 5.
1261 2107 1281 2126 .
1300 2080 1337 2114 ⁸
1602 2065 1776 2125 nibus
1803 2071 1864 2138 6,
1896 2069 1954 2125 2.
1985 2070 2041 2125 3.
2063 2064 2125 2122 in
2145 2065 2577 2144 comprobatio-

387 2147 515 2210 Αἵκε
541 2158 604 2208 et
630 2146 766 2208 αἴκα
795 2151 936 2219 249,
972 2151 1023 2205 l.
1601 2146 1774 2206 nibus
1816 2148 1875 2218 7,
1918 2153 1976 2206 4·-
2017 2164 2128 2226 pro
2181 2150 2215 2206 ἓ
2239 2147 2384 2223 μένον
2426 2151 2580 2208 &Mul

378 2226 555 2290 ’Ἀλλ’
580 2229 725 2290 ἅττα
750 2230 851 2302 70,
880 2232 942 2287 2.
1609 2235 1706 2290 καὶ
1730 2231 1791 2300 7,
1825 2235 1884 2289 5.
1915 2228 2016 2287 ubi
2055 2227 2342 2306 repetitur
2381 2246 2490 2307 per
2515 2247 2578 2288 a·

388 2311 593 2382 ’Anah
622 2311 742 2382 sed,
768 2319 977 2381 autem,
1006 2308 1119 2392 (G.
1135 2309 1292 2382 aber,
1314 2327 1444 2369 son·
1609 2310 1937 2389 naphoram
1963 2309 2106 2368 ibid.
2145 2327 2253 2389 pro
2280 2310 2392 2370 imo
2424 2330 2582 2383 vera,

475 2390 682 2467 derm)
733 2389 1043 2450 discretive
1091 2390 1331 2469 ponitur
1384 2396 1444 2463 1,
1607 2393 1788 2530 ἐπείη
1817 2389 2124 2467 vielmehr)
2156 2393 2216 2465 7,
2245 2395 2302 2452 6.
2332 2390 2394 2450 in
2412 2410 2582 2472 para-

478 2478 535 2532 1.
562 2473 919 2532 adversative
948 2476 1008 2544 2,
1044 2476 1097 2531 1.
1651 2473 1802 2546 oxis,
1865 2473 2030 2532 initio
2083 2472 2368 2532 librorum
2423 2473 2580 2553 capi-

393 2557 577 2616 Ἀλλὰ
623 2553 1067 2625 adversativum,
1123 2574 1231 2633 pro
1278 2554 1328 2626 ἢ,
1380 2558 1442 2623 2,
1605 2566 1758 2628 tum,
1790 2566 1850 2614 et
1877 2574 2214 2615 sermonum
2242 2557 2306 2626 7,
2325 2556 2383 2618 7.
2413 2573 2580 2614 usur·

479 2640 533 2695 1.
562 2640 601 2678 *
644 2635 935 2698 concessis
983 2635 1290 2715 praemissis
1336 2655 1440 2695 ne·
1607 2649 1781 2717 patur
1815 2637 1890 2696 ab
1931 2636 2092 2696 iratis
2133 2640 2194 2707 8,
2237 2639 2294 2694 8.
2323 2653 2360 2692 a
2399 2635 2582 2696 collo·-

474 2728 579 2797 gat
631 2716 936 2796 sequentia
1002 2721 1059 2788 1,
1116 2720 1173 2776 2.
1230 2717 1444 2776 format
1609 2719 1880 2797 quiorum
1906 2717 2310 2796 scriptoribus,
2332 2717 2585 2797 abrupte

476 2799 761 2877 apodosin
777 2810 912 2878 post
939 2797 1099 2864 ἐπειδή
1128 2801 1268 2870 1,’2.
1296 2799 1447 2858 citra
1607 2819 1936 2860 sermonem
1969 2798 2382 2878 incipientibus
2424 2803 2487 2871 8,
2515 2805 2577 2861 9.

475 2879 911 2958 praemissorum-
940 2879 1316 2959 negationem
1340 2879 1445 2938 ad·
1524 2883 1708 2942 Ἀλλὰ
1734 2900 1842 2960 pro
1871 2883 2024 2941 ἄλλοί
2049 2907 2114 2954 γι
2136 2885 2202 2953 8,
2224 2885 2320 2940 10.

476 2972 743 3020 versatur
768 2964 831 3032 2,
862 2966 921 3020 3.
1525 2965 1708 3024 Ἀλλὰ
1735 2982 1813 3021 an
1840 2961 2100 3021 abundet
2128 2967 2189 3035 8,
2225 2966 2320 3022 11.

392 3043 577 3103 Ἀλλὰ
604 3042 980 3101 discretivum
1022 3052 1087 3102 et
1129 3042 1442 3102 adversati.
1525 3046 1709 3106 Ἀλλὰ
1735 3049 1843 3126 γὰρ
1867 3045 1970 3104 sed
2004 3043 2179 3116 enim,
2207 3043 2309 3103 ubi
2347 3047 2454 3127 γὰρ
2496 3042 2582 3104 af-
2674 3117 2680 3122 ,
2707 3131 2712 3138 .

475 3143 615 3182 vum
640 3123 905 3203 sequitur
944 3126 1033 3202 μὲν
1054 3127 1117 3197 2,
1146 3131 1206 3183 4.
1609 3125 1728 3184 fert
1755 3145 1992 3185 causam
2019 3123 2420 3205 oppositionis,
2449 3145 2586 3204 quae

391 3206 575 3268 Ἀλλὰ
601 3215 684 3278 at,
731 3205 927 3287 (aber,
962 3204 1297 3287 gleichwol)
1340 3223 1443 3264 ex·
1609 3207 1762 3267 inest
1807 3209 1870 3264 in
1915 3211 2074 3268 ἇλλὸ·
2120 3213 2218 3280 10,
2274 3212 2328 3267 1.
2367 3205 2582 3286 partim

476 3287 706 3368 ceptive
732 3292 795 3360 2,
827 3292 887 3349 5.
1611 3289 1894 3368 explicite
1981 3289 2124 3348 ibid.
2163 3287 2406 3368 partim
2471 3287 2582 3347 im·-

384 3369 575 3431 ‚mma
600 3378 663 3428 at
698 3367 1067 3451 (gleichwol)
1110 3367 1171 3426 in
1202 3367 1445 3448 objecti·
1608 3370 1831 3450 plicite,
1880 3370 1982 3429 ubi
2036 3370 2122 3452 1.)
2178 3370 2294 3449 ipsi
2349 3371 2582 3449 opposi-

356 3460 380 3490 “-
477 3450 685 3510 onibus
712 3455 774 3523 3,
816 3455 877 3512 6.
922 3449 983 3508 in
1012 3450 1450 3527 objectionibus
1613 3453 1762 3513 tioni
1803 3452 1890 3512 vis
1917 3451 2242 3512 causativa
2282 3451 2436 3511 inest
2483 3456 2584 3526 11,

476 3530 717 3592 alternis
740 3537 806 3604 4,
834 3537 893 3593 9.
1613 3539 1672 3596 2.
1697 3534 1793 3616 2.)
1821 3554 1898 3595 ex
1917 3532 2386 3614 praecedentibus
2413 3533 2587 3594 intel-

394 3613 577 3675 Ἀλλὰ
604 3613 665 3672 in
693 3613 1145 3674 assumtionibus
1182 3613 1448 3693 syllogis-
1613 3617 1820 3696 ligitur
1862 3635 2040 3676 causa
2087 3620 2186 3688 11,
2236 3621 2294 3677 3.
2377 3615 2450 3697 3)
2505 3634 2585 3676 ex

476 3713 717 3756 morum-
740 3695 921 3776 Atqui
951 3697 1135 3778 (Nun
1163 3696 1341 3772 aber)
1386 3701 1449 3768 3,
1614 3699 2108 3779 consequentibus
2139 3702 2236 3769 11,
2267 3703 2330 3760 3.
2354 3697 2445 3779 4.)
2480 3717 2589 3762 ex-

478 3781 539 3838 6.
670 3817 675 3824 -
1615 3781 1905 3841 trinsecus
1932 3779 2239 3860 suppletur
2271 3786 2370 3850 11,
2397 3785 2458 3840 4.

391 3859 572 3918 Ἀλλὰ
598 3869 735 4015 p)ost
774 3865 813 3920 εἰ
843 3863 904 3931 3,
926 3861 986 3922 7.
1012 3865 1050 3940 (
1063 3860 1243 3920 Wenn
1264 3857 1453 3941 gleich
1534 3864 1717 3924 Ἀλλὰ
1744 3868 1851 3946 γὲ(
1879 3861 2234 3944 interpositis
2273 3861 2399 3922 aliis
2415 3859 2588 3925 ‚voci-

473 3959 619 4000 —so
1614 3945 1724 4003 bus
1755 3948 1851 4013 12,
1882 3948 1942 4004 5.

386 4021 571 4081 Ἀλλὰ
614 4023 790 4082 -ἰπ-ιιο
820 4026 1051 4092 &araxim
1126 4030 1300 4105 (nur,
1349 4028 1450 4104 je·
1532 4026 1716 4086 Ἀλλὰ
1743 4032 1850 4120 qai-3
1879 4024 1936 4090 δῦ
1971 4031 2070 4099 16,
2097 4029 2160 4086 2.

474 4101 661 4177 doch)
693 4102 756 4161 in
839 4103 1247 4176 ortationibus,
1288 4107 1450 4184 quin,
1531 4109 1714 4169 Ἀλλά
1733 4135 1794 4182 ‘rt
1818 4127 1879 4164 m
1900 4106 2362 4187 oppositionibus
2389 4117 2452 4166 et
2473 4106 2588 4168 dis-

472 4183 612 4263 quin
641 4204 751 4265 age
778 4189 840 4258 4,
869 4191 963 4246 10.
991 4191 1141 4246 aaa&
1169 4185 1231 4243 in
1258 4187 1454 4247 media
1617 4189 1998 4261 cretionibus,
2047 4209 2178 4269 quae
2225 4188 2587 4267 restringun-

470 4265 769 4326 sententia
805 4273 869 4340 5,
917 4271 1015 4327 11.
1042 4267 1222 4329 habet
1262 4267 1452 4349 indig-
1617 4281 1734 4330 tur.
1819 4272 1903 4331 At
1928 4270 2148 4344 saltem,
2176 4279 2242 4330 at
2266 4279 2438 4344 certe,
2483 4277 2589 4353 (a-

472 4345 731 4408 nationis
752 4346 1239 4429 significationem
1266 4355 1329 4424 5,
1356 4357 1384 4411 1
1399 4356 1453 4411 1.
1619 4352 1720 4414 ber
1745 4352 2142 4434 wenigstens.)
2193 4352 2335 4412 item
2383 4358 2486 4435 (so
2525 4372 2589 4412 a·
