3067 4934
528 266 589 327 vi
1358 264 1823 327 APPENDIX.

528 444 729 497 autem
756 444 921 495 certa
960 435 1019 492 in
1047 454 1112 495 re
1152 433 1363 495 valere.
1446 436 1658 515 Itaque
1697 438 2016 517 respondet
2055 436 2410 499 Latinorum
2451 438 2758 501 formulae

528 536 705 659 qggn
730 516 879 576 alias
904 525 1024 577 tum
1038 518 1367 598 prasertim
1408 517 1471 576 in
1496 517 1637 587 hoc5
1681 538 1955 599 saepeque
1994 530 2226 579 tantum
2270 520 2527 589 vertitur
2563 543 2754 603 prae-

529 618 557 661 s
646 617 743 656 zm.
1073 623 1088 638 ·

618 764 715 825 17.
762 760 1113 833 Discrimen,
1160 759 1255 819 vel
1297 758 1701 841 offositionem
1747 762 1898 822 adeo
1945 763 2196 823 duarum
2243 763 2752 823 enuntiationum

529 844 737 901 notant
776 840 1077 920 particulae
1117 846 1269 902 ἀλλὰ
1310 851 1373 900 et
1410 838 1486 912 δὲ,
1524 862 1657 920 quae
1695 854 2012 922 propterea
2055 845 2149 905 vel
2191 843 2582 907 adversativae
2631 846 2742 907 vel

532 923 859 984 discretivae
886 922 1269 1003 appellantur.

528 1132 535 1139 -
612 1093 713 1149 18.
760 1088 1172 1169 comparandis
1202 1086 1702 1149 enuntiationibus
1728 1089 2048 1151 inserviunt
2075 1093 2142 1159 ὦς
2172 1102 2234 1151 et
2261 1090 2390 1153 εἶτα.

616 1256 710 1313 19.
754 1250 1291 1329 Consequutionem
1318 1261 1527 1311 notant
1551 1252 1855 1331 particuloe
1893 1252 1986 1327 αὖ,
2011 1253 2186 1324 αὖθις,
2229 1255 2378 1329 εἶτα,
2407 1260 2614 1330 πόλιν,
2645 1257 2746 1319 sic

526 1344 592 1393 ut
620 1332 791 1391 simul
817 1343 985 1392 actus
1012 1332 1421 1410 repetitionem
1449 1331 1777 1411 designent.
1814 1334 1988 1397 -Ἐπιὶ
2015 1336 2310 1431 significat
2335 1349 2542 1399 actum
2569 1358 2742 1418 pre-

526 1414 864 1482 cedentem;
927 1412 1035 1474 ιῖτι
1082 1413 1157 1482 δὴ,
1211 1426 1690 1493 consequentem.
1795 1418 2102 1497 Temporis
2140 1438 2204 1477 m
2247 1422 2740 1499 consequutione

525 1496 769 1554 limitem
796 1506 1005 1553 notant
1030 1492 1136 1566 ἕως,
1178 1494 1329 1578 ἔχῃ,
1354 1496 1532 1579 μέχρι.

607 1661 709 1721 ΞΟ.
752 1646 1067 1720 Rationem
1094 1671 1155 1721 et
1183 1680 1419 1721 causam
1448 1659 1535 1721 rei
1563 1659 1894 1739 significant
1933 1660 2050 1731 εἴτε,
2075 1667 2202 1747 νὰς,
2233 1667 2356 1734 ἐπεὶ,
2389 1667 2491 1739 Su,
2535 1665 2640 1729 ‘ds-c.

540 1908 573 1937 u
605 1830 706 1889 21.
748 1827 951 1889 Finem
978 1848 1027 1889 s.
1058 1844 1315 1901 causam,
1344 1847 1521 1907 quam
1547 1826 1755 1889 dicunt
1781 1827 2037 1904 finalem,
2075 1831 2179 1904 ἵνα,
2222 1833 2380 1923 ἔπι-οξ,
2425 1832 2580 1917 ²02⁶.
2629 1836 2722 1905 οἷς,

526 1936 668 1979 usn·
2395 1940 2400 1946 ’

605 2078 721 2215 212.
748 2073 1201 2137 conclusionem
1228 2071 1291 2130 in
1330 2070 1736 2131 ratiocinando
1777 2070 2108 2152 significant
2147 2071 2274 2154 ἅμ,
2317 2071 2394 2143 ὃν,
2441 2076 2588 2147 suasu,
2635 2102 2718 2135 rm

522 2176 636 2218 enc
679 2169 819 2219 tica.

604 2326 705 2384 28.
748 2320 1117 2383 Concessivae
1144 2329 1283 2379 sunt
1308 2316 1618 2397 particulae·
1637 2318 1745 2396 μὲν,
1775 2342 1895 2399 mg.

602 2488 701 2549 24.
744 2484 1042 2545 Effectum
1065 2502 1227 2555 vero,
1258 2483 1361 2563 qui
1386 2467 1509 2544 non
1552 2484 1822 2543 obstante
1863 2502 2216 2565 quocunque
2255 2482 2394 2558 alio,
2422 2503 2528 2545 seu
2555 2502 2703 2545 con-

521 2568 698 2631 cessis
724 2586 857 2647 quae
898 2565 1368 2645 opponebantur,
1409 2577 1610 2625 tamen
1649 2564 1882 2625 evenire
1910 2564 2146 2638 dicitur,
2189 2564 2500 2645 designant
2539 2565 2702 2645 ἔμπης

518 2662 581 2711 et
602 2650 753 2729 ’σ’μυς.

604 2816 703 2875 25.
746 2812 1058 2872 Hactenus
1084 2812 1160 2870 de
1188 2809 1612 2890 significatione
1638 2808 2058 2888 particularum
2081 2829 2290 2888 graecae
2315 2809 2552 2889 linguae,
2574 2811 2702 2889 qui-

520 2896 633 2958 bus
660 2894 722 2953 in
750 2893 909 2952 omni
937 2891 1204 2951 oratione
1232 2894 1400 2954 locus
1428 2902 1538 2962 est,
1567 2891 1688 2951 sive
1727 2890 1805 2950 sit
1844 2902 2150 2971 perpetua,
2191 2892 2311 2951 sive
2339 2892 2493 2951 inter
2519 2892 2699 2952 collo-

524 2986 771 3056 quentes
797 2974 1029 3053 partita.
1121 2974 1243 3033 Sed
1268 2984 1405 3035 sunt
1432 2972 1562 3033 aliae
1589 2970 1878 3051 quaedam,
1905 2992 2038 3052 quae
2065 2972 2372 3053 colloquiis
2397 2973 2518 3033 sive
2544 2974 2694 3034 veris

519 3058 641 3117 sive
668 3055 821 3115 fictis
840 3055 1178 3115 inserviunt.

602 3139 727 3198 Hic
766 3137 1019 3218 primum
1044 3137 1243 3197 locum
1270 3136 1538 3197 obtinent
1565 3133 2053 3216 interrogator-iaz,
2083 3147 2150 3196 ut
2176 3134 2304 3220 αἶςα,
2331 3142 2457 3215 μῦν,
2485 3142 2576 3215 μὲ,
2605 3144 2692 3207 πῖί,

512 3226 640 3293 πὸς,
670 3231 785 3279 cet.
1155 3224 1174 3239 “

598 3300 839 3362 Deinde
870 3300 1272 3379 responsoriae,
1301 3299 1393 3359 vel
1418 3296 1792 3372 affirmativae,
1823 3310 1891 3358 ut
1919 3305 2015 3369 ναὶ,
2038 3299 2132 3359 vel
2158 3299 2444 3379 negativae
2471 3312 2538 3363 ut
2567 3303 2650 3361 sn.

598 3382 879 3461 Denique
906 3401 1013 3455 eae,
1043 3401 1173 3461 quae
1202 3380 1636 3460 colloquentem
1657 3380 1940 3451 excitant,
1965 3391 2032 3439 ut
2059 3381 2134 3451 δὲ,
2165 3379 2311 3448 δῖα.

598 3550 699 3611 26.
744 3550 945 3615 Quum
972 3560 1170 3609 autem
1192 3548 1389 3627 plures
1416 3547 1720 3627 particulae
1747 3557 2164 3626 aggregantur,
2185 3546 2279 3607 vel
2301 3547 2576 3626 deinceps
2592 3566 2692 3627 po-

518 3641 764 3703 nuntur,
794 3650 915 3689 non
941 3630 1215 3708 abjicitur
1242 3631 1479 3709 propria
1505 3628 1852 3707 simplicium
1879 3628 2296 3707 particularum
2325 3629 2690 3707 significatio,

520 3710 627 3773 sed
652 3711 898 3790 singulae
924 3732 1095 3773 suum
1124 3714 1357 3771 sens'um
1404 3723 1655 3783 servant,
1699 3710 1924 3771 etiamsi
1952 3710 2166 3772 Latine
2209 3721 2315 3771 aut
2343 3710 2694 3774 Germanice

513 3812 637 3852 non
664 3812 895 3872 semper
924 3793 1001 3853 ad
1026 3793 1267 3854 verbum
1296 3812 1497 3853 omnes
1525 3792 1861 3853 reddantur.
1946 3791 2046 3850 Sic
2087 3792 2148 3850 in
2175 3794 2311 3854 πάνυ
2335 3794 2424 3869 μὲν
2451 3790 2527 3862 ἓν,
2559 3794 2692 3855 πάνυ

519 3886 610 3934 est
630 3874 1054 3947 affirmativum,
1081 3876 1169 3953 μὲν
1199 3877 1622 3946 concessivum,
1649 3872 1708 3937 ἓν
1729 3872 2148 3932 conclusivum.

600 3959 801 4023 Quare
844 3957 945 4036 qui
994 3956 1341 4035 simplicium
1391 3955 1807 4037 particularum
1851 3954 1968 4013 vim
2016 3965 2180 4013 recte
2223 3965 2569 4034 assequutus
2595 3954 2690 4030 sit,

516 4055 637 4096 non
667 4038 911 4099 haerebit
938 4038 999 4096 in
1029 4038 1387 4116 compositis,
1424 4036 1601 4097 modo
1644 4036 1784 4095 illud
1813 4036 1990 4096 etiam
2019 4046 2238 4109 teneat,
2267 4056 2420 4115 saepe
2449 4036 2595 4107 fieri,
2624 4049 2694 4096 ut

513 4116 781 4199 quaedam
808 4120 1109 4199 particulae
1138 4119 1451 4199 respiciant
1478 4120 1718 4178 brevem
1740 4118 2030 4196 quandam
2048 4118 2417 4189 sententiam,
2446 4137 2566 4176 non
2594 4118 2678 4177 di-

506 4198 677 4261 sertis
701 4202 892 4263 verbis
920 4203 1301 4277 enuntiatam,
1330 4202 1457 4276 sed,
1486 4200 1624 4279 quia
1643 4198 1814 4261 facile
1841 4198 2206 4279 intelligitur,
2235 4217 2620 4280 suppressam.
