3067 4934
546 270 671 329 546
1565 278 1694 327 161.

550 454 666 515 que
695 445 1030 494 constanter
1065 435 1313 497 formam
1338 433 1661 513 singularis,
1693 435 1922 495 etiamsi
1949 436 2142 513 plures
2181 435 2554 495 excitantur.
2655 438 2765 496 Sic

549 537 685 578 cum
712 516 899 594 prima
926 517 1161 605 pluralis
1189 518 1475 580 construit
1503 517 1656 576 Plat.
1699 517 1760 575 in
1809 517 2140 595 Euthyphr.
2189 537 2322 595 pag.
2361 521 2420 579 7.
2491 519 2626 600 Φὲςς
2679 518 2760 587 δὲ,

548 598 796 663 irent-,ln
809 603 961 665 ιιεθα,
993 603 1051 658 τί
1074 601 1297 674 λέγομεν.
1390 600 1669 679 Agedum,
1697 599 2098 677 disquiramuS,
2127 600 2267 677 quid
2289 599 2578 657 dicamus.
2677 601 2763 659 Et

552 678 863 737 Demosth.
892 678 1022 738 adv.
1052 680 1285 759 Leptin.
1316 698 1447 759 pag.
1478 685 1617 741 369.
1659 682 1778 762 Φὲςε
1818 678 1890 747 δὲ,
1934 680 2138 757 κγίιιὲιιο
2167 679 2495 757 ἐξετάσωμεν.
2589 684 2759 761 Age-

549 762 702 829 dum,
752 770 805 817 et
846 760 995 819 illud
1020 762 1390 839 inquiramus.
1456 764 1606 821 Cum
1635 761 1894 820 secunda
1919 762 2128 839 plurali
2156 760 2448 820 construit
2481 761 2758 823 Demos-

551 842 757 901 thenes
786 842 861 901 de
895 842 1086 900 Rhod.
1120 844 1340 901 Libert.
1372 862 1505 921 pag.
1535 848 1631 902 81.
1675 844 1791 924 Φέςε
1821 849 1944 925 γὰρ,
1979 850 2097 925 πςὶς
2125 846 2245 905 θεῶ
2275 848 2539 902 αισι-ἔστι.
2587 846 2756 923 Age-

552 924 685 983 dum
713 924 881 995 enim,
922 946 1032 1003 per
1062 927 1221 983 Deos
1248 925 1617 984 considerate.
1703 924 1870 1002 Saepe
1899 935 2094 981 autem
2123 934 2257 1001 post
2298 924 2419 1005 <biga
2469 923 2754 1001 sequitur

547 1010 667 1074 καί,
716 1015 784 1062 ut
809 1006 965 1085 apud
996 1005 1173 1083 Diog.
1204 1006 1401 1065 Latii-t.
1424 1006 1521 1065 lib.
1555 1006 1668 1064 III.
1696 1024 1830 1085 pag.
1859 1008 1998 1069 217.
2043 1006 2160 1088 Φὲζε
2178 1011 2271 1067 καὶ
2293 1012 2407 1087 περὶ
2429 1005 2608 1065 *Γέταν
2631 1004 2753 1065 >m-

552 1087 813 1163 λοέβωμιν.
904 1089 1030 1167 Age
1056 1096 1111 1146 et
1140 1089 1209 1146 de
1236 1088 1321 1147 his
1352 1088 1654 1147 videamus.

638 1251 867 1310 XXXI.
914 1252 1008 1309 Ex
1060 1253 1399 1331 imperativo
1444 1270 1680 1330 quoque
1726 1251 1886 1309 facta
1924 1251 2211 1329 particula
2233 1252 2376 1313 ”lm
2417 1252 2752 1331 hortativa,

552 1334 730 1391 etiam
762 1335 995 1411 quando
1024 1353 1158 1393 cum
1188 1333 1446 1391 secunda
1486 1351 1735 1411 persona
1781 1331 2084 1411 singularis
2131 1333 2516 1408 construitur,
2568 1346 2644 1395 ut
2687 1335 2752 1393 in

551 1414 653 1474 illo
682 1416 931 1473 Homeri
962 1414 1027 1472 Il.
1060 1431 1117 1475 Β.
1148 1436 1201 1473 v.
1230 1420 1288 1473 8.
1390 1479 1399 1487 ‚
1776 1456 1805 1483 s
2423 1438 2432 1447 ·

714 1582 895 1649 Βία-κ’,
939 1580 1036 1649 ἴθι,
1080 1579 1172 1643 εἷλε
1206 1580 1418 1663 ’‘Ome‘’
1462 1584 1588 1649 θοὰς
1619 1582 1701 1642 ivri
1731 1586 1840 1649 νΐίεις
1867 1581 2116 1661 Ἀχαιιὸν.

569 1746 743 1817 Vade,
770 1767 898 1825 age,
924 1744 1296 1825 perniciosum
1324 1743 1622 1815 somnium,
1637 1746 1719 1804 ud
1741 1744 1944 1805 celeres
1967 1768 2137 1806 naves
2159 1746 2522 1807 Achivorum.
2577 1750 2738 1808 Cum

554 1827 741 1906 prima
787 1847 1034 1904 persona
1088 1825 1285 1885 aoristi
1328 1829 1382 1885 αι’.
1426 1826 1778 1904 subjunctivi
1821 1828 2108 1887 construit
2152 1829 2320 1887 Plato
2364 1828 2426 1887 in
2483 1829 2742 1889 Philebo

548 1909 725 1987 paulo
754 1920 883 1987 post
912 1908 1257 1987 principium
1298 1908 1406 1987 [T.
1438 1908 1547 1965 1v.
1574 1927 1631 1984 p.
1663 1912 1801 1969 209.
1831 1909 1923 1967 ed.
1948 1909 2140 1986 Bip.]:
2171 1912 2283 1969 ’Ἴθι
2311 1909 2385 1978 δὴ,
2413 1917 2536 1993 πςὶς
2565 1912 2742 1979 rai-roas

552 1988 1035 2068 διομολογησώμεθαι
1062 1998 1153 2050 καὶ
1182 1989 1308 2049 τάδε.
1394 1991 1521 2067 Age
1549 2009 1702 2061 vero,
1735 2000 1959 2069 praeter
2001 1990 2122 2049 hoec
2163 1992 2332 2049 etiam
2361 1991 2515 2050 illud
2540 2002 2736 2053 mutuo

546 2092 779 2130 assensu
807 2081 1143 2131 statuamus.
1214 2072 1308 2130 Ita
1336 2090 1413 2129 ex
1443 2071 1704 2128 Platonis
1733 2071 1959 2148 Gorgia
1983 2071 2194 2131 Thom.
2225 2073 2393 2149 Mag.
2429 2092 2566 2151 pag.
2591 2079 2738 2135 891.

531 2152 645 2212 ’'19.
674 2152 747 2221 ὃν,
776 2170 866 2213 καὶ
897 2152 1006 2213 τάδε
1038 2153 1455 2238 ἐπισκιψῶμιθοι.
1544 2152 1804 2231 Agedum
1832 2162 1887 2211 et
1914 2152 2062 2211 illud
2085 2154 2485 2234 disquiramus.

634 2320 893 2377 XXXII.
925 2318 1307 2397 Imperativus
1332 2318 1434 2380 εἰπὲ
1463 2316 1690 2373 numeri
1718 2314 2023 2393 singularis
2049 2315 2292 2373 formam
2323 2330 2538 2389 servat,
2557 2318 2736 2377 etiam

551 2420 731 2477 quum
759 2402 953 2477 plures
984 2400 1426 2477 compellantur.
1518 2398 1654 2454 Hoc
1687 2397 1745 2453 in
1774 2416 1911 2453 casu
1941 2408 2106 2474 put0,
2151 2417 2268 2455 non
2310 2401 2493 2466 ἅπλῶς
2522 2411 2734 2459 notare

548 2482 735 2547 dicite,
772 2482 938 2553 λέγετε
960 2493 1059 2537 aut
1084 2488 1281 2548 eima-⁵3
1316 2480 1399 2537 sic
1424 2478 1578 2535 enim
1609 2477 1767 2533 nuda
1795 2489 1946 2536 esset
1977 2478 2296 2555 imperandi
2321 2479 2510 2539 forma
2539 2492 2599 2539 et
2627 2502 2734 2541 no-

549 2564 633 2624 tio
664 2563 881 2639 absque
910 2560 1347 2619 exhortatione:
1393 2578 1597 2617 verum
1627 2556 1763 2635 poni
1792 2577 1899 2635 pro
1949 2561 2066 2634 02'71,
2113 2560 2304 2628 dnn,
2341 2561 2422 2619 ita
2465 2573 2531 2619 ut
2561 2562 2734 2621 simul

550 2646 799 2722 imperet
827 2654 888 2703 et
915 2642 1206 2720 impellat;
1248 2652 1425 2719 atque
1452 2640 1569 2699 hoc
1597 2638 1773 2697 modo
1815 2640 2117 2717 particulae
2165 2653 2430 2699 naturam
2484 2643 2735 2703 induens

548 2737 839 2785 sustentat
869 2725 1171 2802 utriusque
1200 2733 1552 2801 potestatem
1583 2732 1645 2779 et
1672 2720 1944 2780 officium.
2028 2722 2179 2781 Vide
2220 2722 2297 2783 sis
2327 2723 2629 2804 Aristoph.
2671 2726 2735 2786 in

549 2808 813 2866 Acharn.
842 2826 902 2864 v.
926 2811 1062 2865 318.

710 2976 838 3035 Eia-3
864 3004 969 3053 μοι,
1008 2978 1067 3035 τί
1088 2972 1401 3052 &abipso-Sa
1428 2978 1521 3033 nez»
1551 2975 1727 3041 λίθων,
1760 2976 1797 3031 ὦ
1833 2971 2070 3050 δημόταις

552 3140 737 3209 Ecce,
766 3140 1082 3217 alloquitur
1108 3139 1430 3219 populare-5,
1455 3151 1516 3198 et
1546 3137 1710 3209 dicit,
1741 3138 1833 3196 dic
1861 3137 2021 3208 mihi,
2051 3138 2192 3217 quid
2205 3140 2496 3219 parcimus
2523 3141 2732 3221 lapidi-

553 3222 693 3281 bus?
733 3242 839 3299 pro
870 3222 1148 3300 Agedum,
1178 3220 1366 3279 dicite.
1441 3218 1540 3278 Sic
1570 3222 1672 3279 εἰπὲ
1701 3230 1762 3277 et
1792 3219 1951 3279 verbi
1982 3220 2462 3296 significationem
2493 3224 2730 3297 retinet,

552 3314 613 3362 et
628 3303 941 3383 'particulae
968 3313 1321 3379 potestatem
1352 3320 1469 3359 una
1498 3320 1632 3358 cum
1663 3310 1892 3370 natura,
1925 3321 2055 3377 quae
2084 3302 2339 3361 flexione
2367 3315 2453 3361 est
2483 3304 2730 3363 invaria-

549 3383 702 3454 bilis,
754 3384 1017 3443 assumit:
1060 3402 1252 3461 neque
1293 3382 1447 3441 enim
1477 3382 1663 3456 solum
1693 3380 1902 3440 sufficit
1933 3382 2052 3455 οἵγε,
2099 3383 2209 3441 nisi
2237 3382 2414 3445 εἴποιτε
2439 3384 2731 3463 intelliga-

545 3476 666 3524 tur:
709 3484 903 3543 neque
932 3465 1135 3533 εἴπατε,
1171 3464 1307 3543 quia
1334 3464 1766 3522 hortamentum
1795 3464 1977 3523 abest.

628 3625 920 3683 XXXIII.
953 3625 1003 3681 E
1034 3624 1540 3702 praepositionibus
1569 3644 1703 3682 cum
1733 3644 1838 3683 suo
1867 3625 2149 3704 regimine
2177 3629 2592 3707 particularum
2619 3650 2726 3690 na-

546 3717 737 3767 turam
767 3706 1161 3775 induentibuS,
1206 3706 1392 3783 primo
1421 3707 1554 3764 loco
1585 3707 1841 3764 notanda
1869 3718 1958 3765 est
2001 3708 2369 3783 ἈΝΘ”“ὨΝ,
2413 3733 2544 3789 quae
2581 3732 2724 3771 con-

545 3800 663 3847 stat
692 3784 767 3846 ex
801 3787 1209 3865 praepositione
1239 3795 1349 3848 ἀντὶ
1391 3788 1581 3851 vicem
1625 3788 1718 3847 vel
1760 3790 2288 3849 remunerationem
2333 3792 2722 3871 significante,

546 3882 610 3929 et
636 3868 895 3948 genitivo
923 3869 1132 3945 plurali
1161 3868 1403 3941 relati-vi,
1454 3890 1647 3948 neque
1697 3890 1925 3949 semper
1952 3871 2253 3949 particulae
2280 3874 2468 3933 vicem
2497 3874 2722 3953 explet,

548 3953 683 4029 quia
711 3970 863 4028 saepe
892 3948 1057 4007 reddi
1086 3961 1301 4027 potest:
1340 3973 1449 4030 pro
1480 3950 1696 4031 quibu&
1759 3951 1876 4011 Sed
1905 3964 2028 4011 tum
2052 3952 2286 4012 demum
2315 3955 2382 4014 fit
2411 3958 2723 4033 particula,

548 4034 783 4111 quando
810 4031 952 4089 nihil
981 4031 1277 4109 praecedit,
1312 4032 1386 4091 ad
1415 4032 1573 4109 quod
1595 4034 1707 4091 ἀνθ’
1735 4032 1798 4091 οἷν
1829 4033 2133 4106 referatur,
2156 4036 2247 4093 vel
2275 4038 2470 4114 potius
2495 4039 2722 4096 factum

547 4112 1038 4173 remunerandum
1062 4125 1163 4171 aut
1189 4113 1548 4191 puniendum
1579 4113 1862 4189 sequitur,
1892 4127 1956 4173 ut
1985 4115 2352 4195 plerumque,
2382 4119 2475 4177 vel
2501 4139 2723 4197 praece·

547 4196 651 4253 dit.
738 4195 836 4254 Sic
864 4194 923 4251 in
955 4198 1095 4253 Act.
1129 4198 1343 4271 Apost.
1372 4214 1499 4272 capt.
1530 4194 1672 4253 XII.
1701 4214 1910 4254 comm.
1941 4200 2038 4256 23.
2083 4207 2421 4283 Ποιςοιχςὶϊμαι
2449 4200 2498 4261 δὲ
2527 4204 2728 4263 ἐπι-σίτοι-

542 4282 615 4349 ξεν
644 4282 792 4337 αὐτὸν
820 4278 1051 4349 ἅγγελος
1075 4279 1257 4357 Kvgia,
1290 4277 1403 4334 ἀνθ’
1430 4276 1493 4333 ὦ
1525 4280 1593 4335 ἐκ
1618 4274 1768 4336 ἔδωκε
1796 4282 1878 4341 τὸν
1905 4276 2048 4353 δόξαν
2077 4284 2149 4357 τῷ
2175 4286 2304 4360 Θεᾷ.
2389 4284 2595 4341 Statim
2637 4283 2726 4362 ip-

541 4378 661 4417 sum
678 4358 960 4441 percussit
986 4355 1222 4438 angelus
1250 4356 1529 4426 Domini,·
1546 4380 1662 4441 pro
1704 4378 1768 4419 eo
1806 4360 1964 4439 ,quod
2003 4382 2116 4421 mm
2159 4362 2437 4425 tribuerat
2471 4362 2721 4445 gloriam
