3067 4934
1204 204 1227 238 9
1691 223 1702 234 .

463 284 581 342 148
1438 287 1664 338 AHTA.

454 447 605 508 mine
620 456 937 528 percutere.
1026 447 1157 506 Nec
1181 445 1323 506 satis
1348 445 1660 525 perspicio,
1683 465 1789 506 cur
1804 445 2096 530 particula
2119 446 2249 512 δὀἷτα
2274 446 2374 511 hic
2395 449 2635 514 exulare

458 531 693 601 debeat,
720 540 789 588 ut
816 549 895 587 ex
922 527 1059 588 MS.
1104 528 1393 588 Vaticano
1442 527 1770 587 redundare
1813 529 1938 589 vult
1981 529 2290 599 Kusterus,
2341 550 2478 590 cum
2519 551 2636 592 nec

455 622 708 670 metrum
736 611 1035 682 reclamet,
1065 621 1127 670 et
1157 609 1509 670 Scholiastes
1539 609 1615 668 ad
1643 610 1906 672 Acharn.
1933 632 1988 672 v.
2021 617 2156 672 134.
2191 612 2290 672 ubi
2315 612 2432 674 loci
2457 613 2634 690 hujus

458 693 747 764 meminit,
776 692 975 765 addat,
1004 704 1064 751 et
1108 692 1232 771 ipse
1262 691 1688 770 Aristophanes
1734 693 1936 772 paucis
1984 693 2305 772 interjectis
2352 694 2413 752 in
2459 694 2632 754 simili

460 795 603 834 casu
631 774 922 834 adhibeat:
964 793 1100 833 narn
1126 773 1396 852 pergenti
1425 773 1682 834 Socrati:
1725 777 1808 834 At
1833 776 2036 836 suumn*
2111 775 2188 835 'us
2207 775 2470 855 templum
2497 797 2630 835 con-

456 857 615 925 cutit,
640 865 697 914 et
725 877 994 936 quercus.-
1038 877 1113 914 an
1142 875 1377 936 quercus
1404 856 1573 914 etiam
1604 857 1910 937 pejerant?
1963 795 2198 935 sufficit
2243 857 2631 934 Strepsiadesz

456 938 665 998 Nescio
676 962 703 1007 ;
748 947 811 996 at
836 948 900 996 tu
926 937 1066 998 mihi
1092 937 1299 996 videris
1327 946 1475 996 recte
1500 937 1623 996 hoec
1658 939 1866 998 dicere.
1949 941 2025 1005 ‘ra‘
2043 941 2150 1022 γάρ
2191 942 2294 1002 ἔστι
2345 937 2452 1003 δῆτ’
2479 943 2502 998 o‘
2550 965 2632 1000 κι-

452 1019 643 1102 ςωυνᾶςς
683 1019 799 1099 [G.
838 1020 969 1082 Was
996 1020 1071 1078 ist
1097 1021 1245 1078 deun
1272 1017 1391 1080 abso
1418 1019 1521 1078 der
1548 1017 1782 1096 Blitzr]
1835 1019 1932 1076 Ex
1961 1039 2054 1092 eo,
2085 1020 2244 1098 quod
2271 1021 2434 1081 Jovis
2453 1019 2633 1091 aedes,

454 1111 517 1160 et
542 1101 584 1160 J
586 1102 679 1160 ovi
695 1107 873 1160 sacrae
902 1121 1152 1180 quercus
1171 1099 1415 1161 fulmine
1431 1111 1776 1178 tanguntur,
1800 1113 2262 1180 argumentatur,
2284 1121 2403 1163 non
2429 1121 2466 1160 a
2485 1103 2636 1161 Jove

454 1182 652 1241 venire
677 1183 954 1254 fulmina,
970 1183 1074 1242 sed
1102 1181 1361 1250 aliunde;
1402 1201 1580 1260 quam
1601 1182 2102 1242 ratiocinationem
2119 1183 2337 1242 stabilit
2367 1183 2633 1244 Particu-

452 1263 511 1323 la
550 1261 697 1329 δῖα-οι.
780 1263 1066 1340 Intelligit
1095 1263 1315 1340 itaque,
1342 1260 1566 1320 fulmen
1593 1263 1752 1322 aliud
1779 1264 1920 1342 quid
1947 1283 2096 1322 esse:
2128 1263 2268 1342 quid
2315 1275 2510 1323 autem
2537 1263 2632 1335 sit,

450 1365 571 1404 non
600 1345 749 1404 adeo
776 1345 1012 1424 planum
1043 1355 1168 1402 erat
1197 1342 1421 1412 dicere;
1478 1362 1657 1420 quare
1687 1347 2060 1426 ἔςωτηματικὸς
2121 1344 2363 1423 profert,
2404 1348 2480 1404 ’re'
2499 1348 2629 1414 ἔστις

455 1427 694 1486 Plenior
721 1425 1052 1503 hujusmodi
1082 1435 1170 1484 est
1199 1425 1413 1483 oratio:
1457 1423 1541 1486 Εὖ
1567 1427 1631 1486 σὺ
1659 1427 1820 1498 >seyen
1852 1428 2030 1499 φαίνει·
2072 1424 2176 1486 ’ἔστι
2205 1431 2310 1508 γὰρ
2337 1425 2448 1494 δῆθ’
2485 1432 2508 1486 ὅ
2549 1452 2630 1486 xs-

454 1515 628 1590 ςοιωὶς
650 1508 790 1568 ἄλλο’
818 1530 886 1566 τι·
915 1508 1043 1566 ἀλλ’
1070 1507 1193 1576 εἰπὲ,
1222 1509 1418 1566 vlia-rc.
1494 1507 1588 1564 Tu
1627 1506 1767 1565 mihi
1793 1517 1942 1566 recte
1967 1508 2153 1566 dicere
2177 1507 2424 1566 videris.-
2468 1516 2551 1566 est
2577 1528 2633 1566 e-

454 1589 575 1666 uim
574 1589 813 1669 fulmen
842 1587 1008 1648 aliud
1030 1588 1187 1672 quid.
1275 1587 1391 1646 Sed
1413 1586 1521 1656 dic,
1559 1608 1769 1668 quoe-50,
1792 1589 1931 1668 quid
1951 1588 2046 1648 sit.

536 1751 738 1811 XVII.
781 1751 1033 1818 Quando
1061 1749 1499 1809 affirmationem
1526 1752 1784 1830 adjuvat,
1803 1750 2016 1810 dicitur
2044 1733 2534 1825 συγκαταφιτικῖς,
2565 1760 2633 1808 ut

454 1836 613 1912 apud
641 1832 945 1912 Aristoph.
974 1832 1034 1892 in
1064 1833 1242 1912 Vesp.
1268 1852 1323 1890 v.
1364 1837 1540 1892 1364.
1570 1833 1800 1910 roganti
1829 1833 2236 1912 Bdelycleoni:
2281 1833 2478 1895 Fame
2513 1831 2634 1892 Izaec

452 1915 577 1974 est?
615 1915 928 1994 respondet
964 1913 1339 1988 Philocleon:
1384 1919 1512 1980 Δοιῒς
1543 1911 1686 1979 &Hw-
1783 1915 2118 2006 qtiquefizx
2144 1924 2244 1974 est.

534 2079 772 2138 XVIII.
816 2081 1096 2138 Ceterum
1125 2097 1279 2157 saepe
1310 2077 1369 2135 in
1396 2076 1666 2137 versione
1691 2077 1907 2138 Latina
1932 2077 2232 2158 particulae
2261 2047 2388 2142 δέτᾷ
2414 2075 2634 2155 optime

456 2161 743 2242 quadrare
770 2159 1003 2220 videtur
1030 2180 1133 2240 ego
1150 2159 1243 2220 vel
1270 2159 1451 2240 igitur
1457 2185 1483 2229 ;
1514 2179 1572 2220 e.
1601 2178 1654 2219 c.
1683 2160 1744 2218 in
1763 2160 2080 2220 Phoenissis
2101 2157 2396 2240 Euripidis
2410 2178 2466 2217 v.
2494 2160 2530 2222 7
2535 2161 2634 2218 29.
2735 2163 2746 2170 “

616 2321 769 2386 Rem
792 2324 1072 2406 ‘redu-apem
1100 2317 1211 2388 ἥθ’
1230 2322 1344 2392 ὄὸὲς
1366 2319 1548 2392 ἄλλοις
1567 2326 1733 2396 ratolfi

454 2483 1016 2630 {lieddigggterpreae
1070 2488 1165 2550 Vis
1202 2459 1408 2570 igitur,
1437 2496 1501 2546 ut
1526 2505 1614 2546 me
1643 2495 1960 2548 convertam
1987 2485 2069 2546 ad
2091 2483 2236 2547 alias
2261 2481 2484 2566 aliquas
2511 2479 2632 2546 vias

556 2587 610 2626 v.
762 2612 779 2628 .

615 2729 793 2799 Θέλεις
822 2737 1011 2792 ἀκέσαιι
1038 2731 1165 2798 δΐίτοι
1192 2737 1282 2794 καὶ
1309 2729 1497 2796 enain
1522 2729 1679 2810 ἔχειῆ

456 2896 708 2976 Interpr.
779 2896 872 2956 Vzls·
900 2896 1080 2976 igitur
1106 2896 1311 2956 audire
1336 2903 1391 2954 et
1418 2914 1535 2954 rem
1558 2892 1702 2954 scire
1727 2891 1952 2954 studes?
1994 2890 2074 2952 Et
2100 2890 2275 2972 paulo
2301 2899 2459 2969 postt

609 3065 761 3128 Βέλει
794 3065 1039 3150 vagina-oc
1070 3063 1199 3130 aaut
1226 3089 1301 3123 σοι
1321 3066 1445 3124 τέτο
1474 3061 1678 3144 ogda-a,

454 3229 705 3309 Interpr.
776 3231 870 3289 Vis
897 3229 1097 3309 igitur,
1120 3237 1183 3287 ut
1202 3247 1268 3286 eo
1284 3231 1570 3307 prcesente
1593 3217 1699 3282 tib‘i
1717 3222 1819 3282 hoc
1843 3222 2066 3284 dicam?
2105 3223 2180 3282 In
2207 3221 2416 3300 quibus
2443 3221 2626 3282 omni-

454 3311 566 3368 bus
594 3311 811 3390 optime
839 3310 1123 3388 quadrare
1151 3307 1383 3368 videtur
1410 3311 1465 3366 τὸ
1494 3327 1630 3386 ergo
1660 3302 2073 3363 conclusivum.
2157 3301 2312 3362 Nam
2338 3303 2398 3360 in
2442 3304 2629 3383 primo

456 3390 591 3450 loco
621 3391 879 3462 Eteocli,
905 3390 1123 3450 volenti
1150 3389 1267 3448 vim
1286 3388 1584 3458 adhibere,
1607 3385 1902 3446 dissuadet
1919 3387 2136 3457 Creon,
2167 3384 2406 3444 consilio
2433 3385 2628 3462 potius

458 3472 716 3532 dandum
737 3473 931 3532 locum
962 3470 1321 3532 existimans.
1402 3469 1580 3530 Unde
1612 3467 1966 3526 concludere
1991 3465 2184 3546 potuit
2225 3467 2524 3538 Eteocles,
2567 3485 2631 3526 a·

448 3554 593 3612 liam
637 3554 746 3614 sibi
790 3574 915 3614 esse
956 3552 1269 3612 ineundam
1296 3550 1603 3621 rationem,
1649 3569 1827 3628 quare
1855 3549 2098 3608 dixerit:
2161 3549 2628 3628 Quandoquidem
2697 3593 2708 3606 x

454 3635 557 3694 hoe
582 3635 971 3717 displicet,.·uis
998 3635 1179 3716 igitur
1204 3631 1400 3693 aliud?
1470 3631 1748 3692 Similiter
1793 3631 1856 3688 in
1901 3631 2035 3692 loco
2079 3631 2344 3690 secundo
2373 3629 2626 3690 Tiresias

454 3728 616 3777 vates
656 3739 691 3777 a
734 3720 992 3780 Creonte
1034 3717 1335 3776 consultus
1374 3715 1449 3774 de
1488 3733 1714 3774 summa
1753 3733 1969 3784 rerum,
1999 3712 2302 3781 rationem,
2343 3731 2464 3791 qua
2501 3709 2629 3770 sola.

454 3799 679 3874 Thebae
720 3800 933 3858 servari
975 3799 1219 3878 possint,
1260 3799 1509 3878 prodere
1539 3817 1658 3856 non
1685 3797 1888 3866 audet;
1951 3807 2198 3874 urgente
2253 3805 2450 3855 tamen
2503 3791 2624 3858 illo,

453 3881 796 3959 respondetz
842 3883 1015 3948 Θέλεις
1044 3887 1235 3942 cingo-ou
1264 3879 1416 3950 δῆτως
1466 3881 1561 3939 An
1583 3879 1762 3960 igitur
1786 3877 1871 3937 vis
1898 3878 2139 3938 audire?
2207 3877 2362 3934 Mox
2391 3876 2622 3942 iterum,

455 3962 614 4042 quia,
642 3973 708 4021 ut
734 3963 872 4024 urbs
898 3974 1243 4035 servaretur,
1262 3963 1384 4022 fata
1400 3963 1780 4024 Menoeceum
1800 3959 1878 4018 ad
1903 3977 2112 4020 necem
2137 3978 2176 4020 a
2189 3957 2392 4019 Marte
2417 3957 2624 4034 depos-

456 4045 512 4102 ci
539 4043 778 4114 sciebat,
811 4044 1007 4104 dicere
1033 4044 1241 4104 metuit
1270 4053 1557 4123 praesente
1583 4043 1918 4110 Menoeceo,
1965 4060 2140 4120 quem
2167 4039 2300 4098 ideo
2329 4037 2627 4098 dimissum

454 4126 615 4206 prius
640 4127 787 4199 vult,
814 4147 1017 4187 verum
1056 4125 1392 4205 impellente
1442 4126 1718 4193 Creonte,
1768 4133 1834 4181 ut
1860 4121 2253 4192 nihilominus,
2282 4139 2412 4199 quae
2458 4117 2627 4187 sciat,

454 4208 685 4288 prodat,
713 4210 951 4269 tandem
976 4208 1191 4289 inquit:
1221 4208 1370 4268 Βάλε,
1399 4231 1479 4267 παι
1510 4206 1638 4271 ὄντος
1667 4215 1782 4262 etc.
1867 4203 1932 4262 Si
1970 4202 2068 4261 hic
2107 4210 2184 4281 τᾷ·
2221 4203 2346 4268 δῆτα
2387 4197 2627 4260 conclu-

455 4292 633 4354 dendi
652 4292 767 4353 vim
786 4292 1127 4367 tribuamus,
1154 4288 1431 4370 conjiciet
1514 4284 1712 4347 iresias
1739 4303 1815 4345 ex
1841 4283 1932 4344 his
1961 4283 2232 4346 Creontis
2256 4283 2468 4358 verbiS,
2497 4299 2628 4362 quoe

451 4376 817 4452 praeceduntz
844 4397 857 4412 ‘
