3067 4934
461 284 581 342 396
1402 260 1579 319 ‘'oT1.

462 451 574 509 τίαν
605 448 637 504 n't
663 447 814 510 ποιᾶ,
847 440 924 500 z'rs
952 437 1157 518 cor-igme
1201 435 1338 494 αὗτέ
1382 433 1424 490 ἓν
1452 432 1596 508 aia?
1634 427 1784 505 μένει·
1832 432 1924 488 καὶ
1968 431 2001 486 ἐ
2048 425 2255 568 §vareia
2300 430 2627 510 ἀμμέων,

463 531 540 590 g„
569 530 621 587 3„
648 531 719 586 τε
743 528 852 586 Θςέ
877 519 1177 594 γεγέννηται.
1261 513 1323 571 Si
1352 513 1428 572 ἔτι
1455 511 1530 569 sit
1558 515 1896 582 αἰτιολογικὸν
1924 527 2030 585 pro
2104 509 2197 578 ιότι
2239 509 2515 587 positum,
2558 503 2629 566 Ii-

457 605 788 668 mitandum
815 615 903 662 est
930 597 1328 680 praedicatum.
1411 592 1717 670 Nonsacit
1753 599 2047 670 peccatam
2094 590 2229 670 quia
2278 609 2459 649 semen
2504 591 2628 650 Dei

465 698 653 750 manet
680 688 740 746 in
769 685 906 766 ipso.
988 682 1126 740 Non
1138 685 1324 758 potest
1341 693 1601 754 peccare,
1630 673 1762 752 quia
1791 693 1858 732 ex
1886 671 2017 730 Deo
2058 680 2226 730 natus
2254 681 2353 731 est.
2438 673 2518 730 Et
2544 673 2636 732 sic'

467 769 811 847 intelligitur
858 760 1184 823 necessario
1249 767 1559 836 peccatum
1624 753 1949 824 dominanS,
1993 752 2241 811 limitato
2290 753 2628 834 praedicato.

465 853 585 920 Qui
612 870 752 910 vero
800 847 875 907 ἕτι
901 843 1154 924 positum
1181 849 1389 919 putant
1429 855 1536 916 pro
1564 837 1768 904 καθότι,
1799 835 2049 895 limitant
2074 835 2424 911 subjectum.
2494 837 2631 894 Non

443 934 610 1014 facit
625 939 940 1014 peccatum,
968 934 1243 1008 quatenus
1270 922 1330 980 in
1359 921 1480 1000 ipso
1507 937 1690 976 semen
1720 918 1839 976 Dei
1866 926 1967 976 est.
2054 915 2145 974 Ita
2171 915 2324 974 enim
2346 937 2464 976 non
2492 935 2631 995 pec·

470 1027 667 1076 catum·
683 1010 995 1079 limitatur,
1025 1005 1129 1064 sed
1155 1004 1352 1074 homo,
1381 1000 1480 1079 qui
1509 999 1868 1059 dicitur-non
1896 1016 2067 1076 posse
2088 1007 2364 1079 peccare,
2392 1016 2513 1058 non
2541 1009 2631 1056 to-

466 1108 564 1156 tus
589 1096 686 1167 ille
713 1091 970 1171 quidem,
997 1085 1102 1154 sed
1128 1097 1416 1164 quatenus
1442 1093 1534 1140 >est
1564 1081 1682 1140 Dei
1710 1080 1897 1158 gratia
1932 1079 2343 1138 conservatrici
2385 1099 2629 1158 regene-

469 1184 664 1256 ratus.
751 1173 972 1234 Confer
1020 1170 1194 1228 Rom.
1243 1167 1383 1224 V11.
1427 1168 1527 1222 20.
1613 1163 1827 1222 Utrum
1876 1171 2113 1240 praestet
2159 1161 2348 1233 alteri,
2397 1162 2634 1222 videant
2688 1181 2708 1186 ‘

468 1256 777 1336 Theologi.
860 1255 993 1330 Ego
1020 1269 1181 1320 vero,
1211 1247 1321 1304 nisi
1347 1243 1695 1304 necessitate
1715 1244 1984 1323 jubente,
2012 1261 2049 1302 a
2089 1240 2311 1318 vulgari
2355 1263 2465 1302 usu
2510 1262 2629 1302 non

466 1337 886 1400 discedendum
915 1351 1147 1393 censeo·
1229 1329 1362 1388 Nec
1389 1329 1677 1387 hactenus
1703 1325 1881 1384 incidi
1908 1323 1967 1382 in
1992 1325 2214 1396 locum,
2242 1323 2343 1382 ubi
2362 1315 2629 1384 necessa-

469 1424 556 1482 rio
584 1441 692 1502 pro
717 1420 900 1480 καθότι
930 1413 1069 1494 poni
1097 1412 1173 1474 ὅτι
1200 1410 1336 1470 vidi.

549 1586 661 1644 VI.
703 1578 1042 1660 Aliquando
1069 1577 1146 1638 ὅτι
1167 1593 1285 1633 non
1313 1591 1569 1643 causam,
1598 1569 1703 1632 sed
1728 1569 1959 1648 signum
1986 1567 2173 1639 affert,
2203 1580 2269 1627 ut
2312 1588 2448 1630 cum
2488 1569 2633 1628 dici-

470 1687 625 1728 mus:
671 1664 772 1726 Sol
799 1661 1018 1735 occidit,
1047 1659 1184 1740 quid
1211 1677 1322 1716 nox
1348 1665 1450 1715 est.
1533 1651 1735 1714 Κατ-ἔδυ
1765 1657 1787 1712 ὅ
1815 1651 1970 1722 ὅλως,
2004 1653 2081 1714 b'ra
2110 1651 2193 1724 ηἰξ
2221 1653 2365 1712 ἔστιν.
2448 1651 2637 1731 Atqui

475 1767 680 1810 caussa
713 1745 847 1806 solis
877 1739 1197 1802 occidentis
1224 1757 1341 1796 non
1371 1749 1460 1796 est
1487 1755 1630 1806 nox,
1658 1733 1766 1792 sed
1790 1745 1961 1793 terrae
1978 1733 2211 1792 circum
2250 1753 2423 1794 axem
2466 1751 2637 1792 suum

473 1826 946 1892 circumvolutio:
989 1834 1196 1882 contra
1235 1839 1376 1879 vero
1419 1817 1555 1876 solis
1590 1835 1833 1874 occasus
1876 1826 1966 1874 est
2015 1832 2191 1872 causa
2226 1816 2433 1875 noctis·
2518 1813 2637 1890 Spd

473 1933 594 1974 non
621 1923 712 1972 est
738 1911 989 1987 signum,
1011 1905 1169 1962 unde
1191 1900 1505 1980 colligitur,
1535 1897 1819 1958 occidisse
1846 1897 2047 1956 solem.
2132 1896 2309 1955 Ratio
2350 1908 2462 1968 est,
2506 1896 2641 1974 quia

475 2013 652 2056 causa
677 1993 856 2053 debet
883 1985 1216 2068 praecedere
1243 1982 1536 2052 effectum,
1566 1999 1686 2039 non
1712 1979 1895 2057 sequi.
1980 1978 2059 2036 Et
2087 1977 2172 2038 sic
2197 1977 2461 2056 intelligo
2509 1998 2635 2036 ver-

473 2080 551 2138 ba
579 2072 922 2142 ServatoriS,
953 2066 1200 2137 dicentis
1227 2064 1385 2143 apud
1405 2063 1555 2122 Luc.
1584 2079 1713 2138 cap.
1741 2061 1883 2118 Vll.
1926 2079 2136 2119 comm.
2180 2064 2280 2124 47.
2362 2061 2639 2133 Ἀφὲωται

473 2164 530 2222 αἱ
557 2159 809 2239 &peaes-hu
837 2159 988 2220 αὐτ-ἴς
1016 2155 1077 2211 ai
1101 2154 1319 2214 πολλοι),
1365 2148 1441 2206 ὅτι
1469 2144 1701 2217 ἧγάπησε
1741 2143 1897 2203 πολέα.
1980 2143 2237 2200 Remissa
2286 2151 2417 2200 sunt
2465 2140 2643 2200 multa

475 2242 652 2325 ipsius
671 2245 927 2318 peccata,
957 2233 1088 2315 quia
1117 2227 1350 2290 multum
1378 2225 1597 2286 dilexit.
1641 2224 1740 2284 ubi
1789 2225 1864 2284 ὅτι
1909 2243 2026 2282 non
2072 2223 2338 2300 designat
2383 2243 2641 2292 causam;

476 2343 613 2381 nam
641 2319 892 2380 charitas
917 2335 1038 2374 non
1065 2321 1154 2376 est
1182 2329 1358 2388 causa
1385 2307 1733 2368 remissionis
1760 2317 2159 2384 peccatorum,
2186 2305 2291 2364 sed
2319 2305 2512 2383 potius
2553 2305 2637 2364 ef-

475 2405 687 2466 fectus.
772 2399 894 2459 Sed
935 2398 1208 2456 Senvator
1251 2399 1691 2469 argumentatur
1740 2407 1817 2447 ex
1859 2385 2115 2446 mulieris
2159 2387 2463 2458 charitate,
2512 2397 2637 2444 tan-
2708 2428 2718 2434 -

480 2482 654 2565 quam
683 2483 872 2560 signe,
901 2479 1007 2558 ipsi
1036 2475 1272 2535 remissa
1299 2489 1424 2532 esse
1465 2481 1727 2550 peccata.
1814 2469 2002 2548 quue
2041 2468 2225 2546 liquet
2265 2487 2343 2526 ex
2384 2468 2475 2540 iis,
2514 2486 2643 2546 quae

481 2570 941 2643 subsequuntur3
983 2579 1115 2617 nam
1157 2555 1321 2616 addit
1363 2553 1591 2612 divinus
1632 2553 1930 2630 magister,
1967 2550 2069 2610 ῗΩι
2114 2549 2163 2611 δὲ
2204 2553 2370 2624 ὀλίγον
2418 2552 2643 2622 ἀφίεται,

483 2653 653 2723 ὀλίγον
683 2648 892 2723 ἀγαπᾷ,
954 2641 1064 2702 Cui
1089 2660 1220 2698 vero
1241 2635 1476 2718 paulum
1505 2634 1837 2702 remittitur,
1854 2631 2091 2714 paulum
2122 2631 2330 2712 diligit.
2390 2624 2530 2690 Non
2552 2621 2645 2687 'di-

483 2732 592 2792 cit:
637 2733 727 2808 Τᾷ
751 2725 802 2787 δὲ
829 2727 997 2799 ὄλίγον
1027 2725 1291 2796 ἄγωσι-ὄντι
1319 2721 1488 2791 ὂλίγον
1508 2719 1736 2790 ἀφίεται.
1799 2713 2031 2774 Iudicat
2047 2713 2225 2792 igitur
2242 2733 2319 2772 ex
2343 2713 2646 2784 charitate,

481 2831 659 2893 quam
684 2809 929 2868 multam
959 2803 1296 2874 exercebat,
1326 2809 1617 2869 constare,
1658 2807 1935 2876 tanquam
1975 2813 2051 2854 ex
2078 2795 2269 2873 signo,
2316 2793 2500 2854 multa
2539 2792 2647 2874 ipsi

479 2895 655 2954 fuisse
683 2890 936 2952 remissa.

1515 3093 1611 3168 V.

563 3351 568 3358 ·
655 3307 796 3385 De
863 3297 1292 3381 Particulce
1347 3291 1455 3372 ‘¹0
1489 3300 1621 3483 'be
1692 3291 2107 3377 Intensivo,
2176 3299 2251 3368 et
2317 3288 2507 3370 aliis

811 3431 819 3438 ’
1423 3431 1540 3484 usz
1592 3429 1700 3482 usn

571 3633 619 3690 Ι.
665 3628 914 3689 Facilius
941 3637 1032 3686 est
1060 3619 1388 3691 ostendere,
1415 3613 1763 3696 particulam
1794 3613 1890 3683 ἔτι,
1929 3609 2290 3692 superlativis
2335 3607 2653 3686 praefixam,

487 3715 605 3771 vim
631 3713 849 3772 habere
877 3710 1184 3772 ἐκιτωτικὲν,
1216 3723 1262 3760 s.
1304 3698 1668 3768 intensivam,
1718 3713 1891 3774 quam
1933 3711 2252 3771 exponere,
2301 3690 2457 3749 unde
2502 3689 2657 3746 hanc

409 3785 420 3808 ’
491 3794 806 3874 acceperit.
889 3787 1136 3868 Ellipsin
1163 3785 1261 3843 hic
1289 3782 1540 3861 aliquam
1562 3779 1819 3847 subesse,
1849 3787 2075 3834 tantum
2112 3793 2238 3832 non
2283 3771 2655 3830 manifestum

491 3889 610 3946 est;
651 3874 757 3936 sed
777 3869 1078 3951 quomodo
1105 3869 1232 3926 haec
1253 3865 1328 3924 sit
1365 3860 1711 3941 supplenda,
1760 3857 2134 3936 quaerendum
2178 3866 2285 3914 est.
2368 3850 2565 3911 Missis
2594 3868 2655 3908 a-

493 3961 703 4033 liorum
730 3950 1121 4034 opinionibuS,
1151 3969 1280 4027 quae
1307 3944 1478 4005 facile
1508 3941 1938 4010 convelluntur,
1968 3936 2291 4016 quidnobis
2319 3935 2379 3992 in
2400 3944 2658 3994 mentem

491 4041 742 4111 venerit,
768 4040 1150 4114 exponamus.
1231 4029 1669 4103 Nonnunquam
1712 4022 1795 4079 ita
1827 4019 2137 4080 adhibetur
2164 4021 2261 4090 ὅτι,
2290 4028 2357 4076 ut
2395 4014 2664 4074 videatur

493 4136 691 4184 ortum
719 4141 798 4181 ex
827 4120 870 4186 ἵ,
904 4144 953 4177 τι
975 4112 1192 4192 scripto
1220 4110 1490 4204 διαιςιτὸς,
1519 4117 1586 4165 ut
1615 4124 1749 4162 cum
1778 4102 1991 4164 dicitur
2020 4103 2095 4161 ‘Arc
2124 4101 2388 4179 μάλιστα,
2414 4116 2521 4177 pro
2544 4099 2585 4164 δ’,
2612 4121 2664 4154 τι

493 4208 758 4283 μάλιστα,
792 4212 855 4261 et
881 4196 1248 4258 extrinsecus
1275 4187 1496 4269 ahquid
1521 4185 1897 4265 intelligatur.
1926 4195 1992 4244 ut
2020 4183 2178 4260 apud
2214 4181 2366 4240 Plat.
2408 4180 2508 4239 lib.
2552 4175 2665 4234 IV.

475 4286 570 4346 -de
599 4287 753 4364 Rep.
779 4303 914 4364 pag.
945 4283 1087 4340 420.
1129 4275 1240 4356 [T.
1269 4272 1378 4331 VI.
1409 4288 1470 4350 p.
1499 4270 1638 4332 327.
1666 4270 1760 4328 ed.
1786 4268 1956 4347 Bip.]
1994 4265 2132 4324 Non
2174 4264 2237 4322 in
2284 4263 2431 4322 hunc
2450 4261 2664 4340 finem,

495 4367 710 4447 inquit,
737 4367 1026 4426 civitatem
1037 4357 1360 4428 'condimu3,
1388 4363 1454 4416 ut
1478 4353 1543 4412 in
1562 4369 1630 4411 ea
1657 4351 1849 4432 aliqua
1872 4345 2349 4430 gens‘sepciratim
2384 4345 2459 4404 sit
2478 4339 2669 4422 filix,
