3067 4934
56 2944 75 2964 ,
55 2275 63 2280 ,

112 2753 159 2970 <pls-z
120 2687 147 2724 o
130 2646 136 2664 -
100 2392 157 2624 „Bt-B<
75 2209 163 2365 vat-{3

1098 895 1875 988 PRAEFATIO.

523 1728 1177 1806 Hooenvnnmmr
1198 1732 1441 1832 operis
1468 1733 1566 1808 de
1595 1730 1992 1808 Particulis
2016 1729 2130 1804 lin
2137 1755 2313 1831 guae
2338 1753 2527 1831 grae-

451 1905 566 1958 cae
599 1881 995 1981 Epitomen
1028 1908 1073 1956 a
1104 1907 1225 1960 me
1258 1884 1473 1961 Jenae
1508 1911 1575 1959 a.
1631 1883 2263 1960 cIoIochxxxn.
2320 1909 2532 1958 cura-

442 2045 629 2123 tam,
680 2056 909 2131 quum
956 2032 1365 2112 etiamnum
1399 2063 1444 2111 a
1477 2036 1832 2112 studiosis
1873 2036 2131 2138 expeti
2164 2035 2533 2127 viderem,

446 2173 849 2255 divenditis
884 2183 1280 2284 superioris
1318 2185 1670 2262 editionis
1708 2184 2104 2287 exemplis,
2145 2186 2396 2262 denuo
2423 2186 2532 2262 sic

445 2327 821 2423 recensui,
872 2344 959 2407 ut
1004 2335 1684 2422 animadversiones
1733 2335 1912 2411 olim
1963 2335 2294 2435 adjectas
2331 2345 2410 2411 et
2441 2336 2534 2428 ab

451 2478 975 2583 Hoogeveeno
1025 2486 1381 2587 singulari
1431 2487 1715 2578 libello,
1768 2486 1896 2588 qui
1943 2511 2184 2588 nuper
2231 2479 2534 2562 demum

449 2633 677 2709 amici
709 2635 1079 2711 beneficio
1110 2637 1189 2711 in
1226 2663 1489 2714 manus
1524 2663 1728 2715 meas
1760 2614 2134 2740 pervem’t‚
2188 2640 2324 2715 sub
2361 2661 2532 2712 exae

438 2810 627 2860 men
656 2797 984 2879 vocatam,
1071 2800 1203 2864 aut
1235 2790 1638 2881 firmarem,
1684 2800 1843 2883 aut,·
1896 2788 2028 2864 ubi
2075 2812 2262 2889 opus
2310 2796 2533 2875 esset,

442 2933 932 3035 corrigerem.
1048 2935 1193 3014 Eas
1244 2939 1515 3038 partim
1565 2939 1646 3012 in
1695 2939 1858 3039 ipso
1908 2949 2128 3014 textu
2177 2937 2394 3012 uncis
2421 2937 2530 3036 []

441 3085 777 3162 inclusas
808 3089 1064 3187 posui,
1103 3089 1373 3189 partim
1405 3090 1485 3164 in
1532 3087 2053 3194 appendicem,
2107 3112 2275 3189 quae
2325 3111 2530 3163 nunc

442 3241 759 3315 demum
805 3239 1149 3330 accessit,
1213 3239 1527 3341 conjeci.
1634 3239 1737 3315 Et
1791 3264 2020 3338 quum
2087 3237 2530 3341 Hoogevee-
2587 3313 2603 3332 ,

436 3417 597 3467 nus
633 3415 853 3488 quam
884 3391 1206 3493 plurima
1259 3391 1604 3492 exempla
1659 3415 1756 3465 ex
1793 3388 2101 3464 Platone
2136 3387 2532 3480 attulisset,

437 3541 735 3641 ubique
772 3540 1027 3617 addidi
1052 3553 1425 3617 tomorum
1455 3553 1533 3617 et
1557 3540 1998 3640 paginarum
2027 3537 2373 3615 editionis
2409 3538 2532 3615 Bi-

430 3690 787 3791 pontinae
824 3715 1205 3783 numeros,
1242 3717 1472 3793 quum
1530 3691 1729 3770 hanc
1766 3689 2173 3766 editionem
2230 3690 2310 3764 in
2345 3690 2531 3765 mul-

438 3851 704 3916 torum
740 3841 1243 3918 studiosorum
1276 3811 1617 3918 manilius
1670 3841 1946 3916 versari
1981 3841 2270 3917 scirem.
2375 3839 2530 3917 Ac·
2585 3915 2598 3921 -

426 3992 671 4070 cessit
709 4017 804 4067 ex
837 3991 1276 4092 praefatione
1336 3990 1831 4092 Hoogeveeni
1867 3961 2071 4065 utilis
2102 3989 2345 4079 locus,
2380 4011 2530 4086 quo

428 4146 802 4222 universe
837 4145 935 4221 de
979 4145 1515 4259 particularum
1575 4169 1846 4244 graecae
1904 4141 2186 4242 linguae
2241 4137 2532 4244 origine

448 4309 543 4376 et
570 4310 840 4377 natura
874 4296 1307 4400 disputavit,
1366 4321 1456 4374 ac
1490 4307 1700 4374 recte
1756 4319 1878 4372 eas
1937 4314 2269 4392 unquam
2328 4311 2532 4363 mere
