3067 4934
500 255 545 294 x
943 253 954 260 ‘
1318 241 1782 302 APPENDIX.

500 405 726 481 docuit,
766 410 829 468 in
866 411 1157 489 particula
1194 415 1319 472 ἐπεὶ,
1360 411 1566 472 iisdem
1595 414 1784 474 musis
1825 415 1952 494 regi
1999 385 2498 473 constructionem
2539 429 2691 470 cum

502 486 819 551 indicativo
846 505 909 552 et
936 513 1071 552 cum
1105 493 1385 572 optativo.

584 659 661 718 ad
689 678 746 736 p.
778 661 913 725 378,
948 660 1087 720 379.
1131 659 1646 718 Constructionem
1667 658 1972 737 particulae
1996 659 2129 726 ἴτυς
2147 657 2359 718 melius
2383 657 2694 735 expedivit

505 743 883 801 Hermannus
910 737 986 796 ad
1016 739 1215 816 Viget.
1243 759 1378 818 pag.
1405 743 1546 802 767.
1577 741 1678 798 ubi
1703 740 1930 814 docuit,
1950 740 2366 820 conjunctivum
2393 739 2685 810 adhiberi,

507 824 605 882 ubi
649 822 723 880 de
764 840 827 878 re
855 821 1129 898 praesenti
1167 839 1357 880 sermo
1384 821 1481 891 sit,
1520 842 1578 879 v.
1606 841 1660 879 c.
1706 826 1776 881 im
1811 821 1933 900 ἰ’χυ,
1979 823 2113 888 ὅπως
2153 821 2304 891 εἴη-ος
2347 819 2686 900 optativum,

505 924 685 984 quum
727 921 819 963 res
859 901 1147 960 referatur
1172 914 1241 961 ut
1279 901 1564 979 cogitatio
1601 901 1868 970 alterius;
1909 903 2090 982 idque
2113 902 2242 961 fieri
2269 900 2523 960 maxime
2545 912 2686 979 post

479 983 821 1066 praeterita,
881 983 1020 1061 quia
1064 995 1191 1042 tum
1235 985 1529 1062 optativus
1577 1003 1654 1042 eo
1702 985 1886 1062 possit
1924 983 2290 1062 praeteritum
2329 981 2685 1061 significare,

505 1067 667 1147 quod
693 1065 913 1124 indicet
940 1065 1358 1142 cogitationem
1384 1065 1469 1123 rei
1494 1065 1674 1123 fuisse
1701 1077 2050 1144 praesentem
2087 1064 2189 1124 illo
2230 1075 2496 1141 tempore
2523 1065 2689 1141 quod

504 1147 829 1228 praecessit;
870 1167 923 1206 e.
952 1167 1011 1206 c-
1054 1148 1169 1207 ἆτ’
1205 1145 1470 1228 grecorum,
1517 1147 1650 1213 gra,
1691 1149 2045 1225 ἐπολοίμιθις
2084 1145 2454 1204 indicativum!
2495 1143 2690 1204 futuri

506 1231 772 1289 similiter
815 1227 893 1287 a'd
938 1248 1063 1286 rem
1102 1226 1493 1300 indicandam,
1538 1247 1672 1306 quae
1708 1227 1908 1286 futura
1947 1225 2242 1306 cogitetur
2281 1245 2358 1286 eo
2395 1238 2688 1304 tempore,

507 1313 667 1392 quod
692 1311 1011 1389 praecessit,
1054 1329 1113 1369 e·
1138 1329 1190 1367 c.
1218 1309 1410 1386 ἵπιμοί
1428 1316 1563 1378 εἰσιν,
1592 1308 1800 1376 ἔσονται,
1842 1309 1963 1374 ’ἦσαν
2004 1309 2266 1391 aegae'war,
2311 1309 2444 1375 ἴσως
2482 1306 2686 1378 ἴση-αις

504 1393 875 1452 indicativum
896 1391 1150 1468 denique
1175 1389 1476 1468 praeteriti,
1504 1409 1685 1468 quum
1705 1389 1997 1450 indicetur
2023 1389 2352 1460 consilium,
2379 1388 2540 1468 quod
2557 1391 2692 1467 quis

507 1475 799 1545 habuerit,
827 1493 939 1532 nec
967 1485 1165 1530 tamen
1191 1471 1464 1530 effectum
1491 1470 1833 1544 reddiderit,
1861 1493 1915 1531 e.
1944 1492 1998 1531 c.
2026 1473 2171 1554 ἔχςῆι
2197 1497 2254 1532 σε
2293 1473 2530 1544 Πάγασον
2567 1471 2694 1550 ζεῦ-

511 1561 615 1630 ξαι,
647 1558 779 1622 ’ὅπως
803 1556 973 1630 {Palm
998 1555 1383 1637 τξαγικόπςος,
1418 1562 1480 1611 ut
1506 1553 1690 1633 magis
1715 1553 1968 1634 tragicus
1987 1553 2138 1613 visus
2157 1573 2322 1612 esses.

596 1721 671 1780 ad
698 1742 756 1800 p.
786 1725 924 1784 379.
957 1723 1014 1800 §.
1044 1727 1103 1782 9.
1130 1721 1263 1787 *ὅπως
1292 1677 1593 1798 nunquam
1619 1719 1950 1798 significare
1977 1718 2017 1778 i.
2043 1739 2100 1799 q.
2127 1717 2274 1786 ἕως,
2306 1730 2369 1779 et
2387 1719 2450 1776 in
2475 1717 2576 1778 illo
2600 1718 2694 1778 lo-

512 1823 585 1863 co
614 1803 885 1862 Hecubae
911 1800 1227 1881 legendum
1256 1799 1638 1870 emendatius,
1672 1807 1838 1880 ἱμοῖα,
1869 1809 2038 1869 κισσὸς
2062 1801 2204 1884 >gvi-,-
2232 1801 2384 1869 ’ὄπ-ας,
2427 1799 2561 1868 τῇδ’
2583 1799 2692 1876 ἐἶν

422 1969 433 1976 .
510 1913 629 1964 pac,
654 1885 806 1944 bene
832 1884 1060 1943 monuit
1088 1884 1467 1942 Hermannus
1494 1882 1571 1943 ad
1599 1882 1735 1962 vig.
1762 1901 1898 1963 pag.
1925 1886 2068 1947 768.

596 2051 672 2110 ad
718 2073 776 2131 p.
823 2056 967 2112 433.
1013 2071 1143 2130 sqq.
1222 2054 1594 2129 Quamquam
1620 2051 1697 2110 de
1742 2049 2044 2130 particulis
2085 2051 2212 2110 ὲιῧν
2249 2060 2313 2109 et
2351 2049 2476 2114 ἔικεν
2503 2049 2692 2110 multo

512 2133 718 2192 melius
746 2153 922 2212 quam
950 2133 1047 2192 alii
1076 2132 1394 2211 disputavit
1424 2133 1884 2210 Hoogeveenus‚
1915 2130 2307 2191 consulendus
2353 2142 2554 2191 tamen
2599 2141 2693 2190 est
2779 2170 2788 2178 -

514 2214 893 2274 Hermannus
918 2214 995 2272 ad
1022 2215 1226 2294 Viget.
1252 2235 1387 2294 pag.
1417 2218 1559 2277 769.
1607 2213 1707 2292 qui
1754 2213 2022 2293 quaedam
2061 2212 2398 2291 diligentius
2425 2213 2602 2272 etiam
2628 2223 2691 2272 et

512 2297 705 2354 verius
733 2295 1080 2356 enucleavit.
1167 2306 1209 2335 ‘⁶
1253 2295 1533 2368 Mirifice,
1563 2295 1774 2374 inquit,
1813 2295 2188 2374 perturbatus
2215 2305 2304 2354 est
2344 2294 2520 2374 hujus
2559 2311 2692 2372 par-

514 2376 711 2435 ticulae
740 2397 899 2448 usuS,
928 2377 1029 2449 ita,
1061 2389 1127 2435 ut
1152 2377 1253 2435 vix
1280 2378 1450 2449 scias,
1480 2396 1598 2457 quo
1632 2387 1694 2435 te
1719 2387 1934 2436 vertas.
2013 2375 2328 2434 Librorum
2354 2373 2694 2434 auctoritati

514 2477 633 2516 non
662 2459 911 2517 multum
939 2458 1117 2518 tribui
1146 2471 1364 2538 potest,
1394 2459 1454 2516 in
1495 2469 1662 2517 tanta
1707 2457 2011 2536 scripturae
2052 2457 2351 2517 varietate.
2433 2457 2588 2515 Nam
2627 2467 2695 2515 et

515 2539 827 2618 saepissime
857 2549 917 2598 et
942 2539 1219 2616 facillime
1243 2549 1653 2618 permutantur
1677 2539 1802 2601 ibana»
1827 2549 1891 2598 et
1933 2542 2075 2600 ἓκέν.
2156 2538 2690 2598 Grammaticorum

514 2633 715 2679 autem
740 2620 1051 2692 sententia,
1083 2631 1149 2680 ut
1170 2641 1311 2679 mox
1339 2621 1667 2692 ostendam,
1712 2639 1920 2698 parum
1966 2618 2284 2698 probabilis
2331 2631 2442 2680 est.
2523 2619 2694 2678 Hinc

513 2701 758 2773 factum,
788 2713 856 2762 ut
880 2702 1277 2762 recentiorum
1298 2703 1395 2760 alii
1437 2702 1499 2760 in
1543 2702 2004 2780 interrogatione
2051 2701 2194 2769 εἵκω,
2239 2700 2338 2759 alii
2387 2705 2510 2762 ἑκέυ
2547 2700 2693 2760 scri-

516 2783 657 2842 bere
685 2785 927 2842 soleant.
962 2782 1498 2843 Grammaticorum
1518 2783 1808 2858 sententia
1833 2783 1882 2841 si
1900 2801 2042 2842 vera
2068 2793 2176 2853 est,
2206 2781 2418 2842 mirum
2445 2793 2535 2842 est
2559 2782 2688 2846 n’ae'm

516 2863 692 2923 scribi
738 2865 853 2924 alio
898 2875 1172 2938 accentu,
1222 2885 1397 2945 quam
1445 2865 1548 2945 qui
1572 2864 1726 2924 inest
1763 2865 1826 2922 in
1852 2864 1942 2924 his
1968 2863 2266 2925 vocabulis
2293 2864 2346 2923 si
2370 2884 2406 2922 e
2433 2863 2688 2942 disjunc-

516 2945 591 3004 tis
641 2949 707 3005 &a
751 2945 807 3010 ἓν
849 2947 1270 3007 contrahantur
1324 2947 1386 3004 in
1422 2951 1587 3022 ingr.
1696 2947 1920 3005 Contra
1973 2949 2098 3006 ἑκέν
2155 2944 2204 3004 si
2256 2945 2318 3003 in
2369 2946 2694 3023 interroga·

517 3028 679 3087 tione
702 3027 996 3099 scribitur,
1038 3039 1329 3107 repugnat
1367 3029 1483 3087 hoc
1511 3038 1736 3087 naturae
1763 3025 2255 3106 interrogationi&
2286 3045 2416 3107 quae
2431 3027 2690 3107 peculia-

518 3128 642 3167 rem
671 3109 981 3188 quemdam
1007 3109 1188 3168 habet
1214 3121 1548 3182 accentum,
1577 3129 1828 3190 eumque
1856 3109 1916 3166 in
1945 3128 2017 3168 ea
2041 3127 2210 3181 voce,
2239 3127 2356 3187 qua
2375 3127 2476 3168 tes
2515 3108 2696 3168 dubia

516 3190 875 3262 continetur,
905 3211 1057 3268 ergo·
1078 3192 1148 3268 in3
1164 3191 1360 3270 priore
1388 3190 1630 3270 syllaba,
1649 3211 1780 3270 quae
1801 3190 2066 3252 continet
2091 3188 2485 3268 negationem.-
2554 3189 2694 3250 Vid.

517 3266 649 3351 quie
677 3273 795 3331 hac
816 3273 891 3332 de
918 3292 983 3332 re
1005 3272 1293 3352 disputavi
1318 3273 1379 3331 in
1406 3271 1507 3331 lib.
1534 3273 1585 3331 I.
1615 3273 1688 3332 de
1717 3271 1947 3332 emend.
1981 3282 2089 3332 rat.
2107 3272 2371 3330 Gramm.
2413 3272 2610 3332 Graec.
2637 3291 2696 3332 c.

517 3355 687 3412 XIX.
752 3355 937 3413 Porro
964 3353 1090 3417 ε’ίιιεν·
1119 3354 1436 3432 quomodo,
1457 3354 1732 3433 neglecta
1756 3352 2092 3434 negatione,
2126 3352 2455 3432 significare
2496 3363 2698 3432 potest

515 3436 691 3514 ergo?
732 3437 875 3494 Non
904 3435 1197 3518 neglecta,
1224 3447 1389 3496 recte
1431 3447 1650 3514 potest3
1693 3437 1830 3516 quia
1871 3435 2253 3514 interrogatio
2299 3435 2378 3494 de
2419 3435 2696 3514 negando

516 3518 813 3576 contrario
840 3518 1049 3595 probat
1077 3517 1137 3575 id
1164 3517 1322 3594 quod
1348 3517 1488 3577 huic
1516 3519 1873 3578 contrarium
1901 3528 2012 3591 est,
2041 3527 2108 3578 ut
2134 3514 2210 3578 >a
2237 3516 2346 3600 ἔξω
2371 3521 2496 3578 riis·
2533 3521 2698 3578 wan

516 3597 673 3656 idem
702 3611 789 3658 est
817 3599 977 3676 quod
1002 3599 1125 3661 εἵκω
1159 3605 1281 3659 ‘effre
1308 3600 1387 3660 δεῖ
1403 3602 1581 3671 ὀι-κῶς
1628 3602 1974 3679 Quae‘quum
1999 3599 2084 3659 ita
2099 3598 2234 3667 sint,
2251 3617 2460 3658 vereor
2483 3616 2561 3658 ne
2587 3599 2694 3658 de-

514 3679 766 3738 serenda
791 3680 863 3740 sit
893 3681 1409 3758 grammaticorum
1432 3681 1726 3743 sententia
1759 3694 1826 3746 et
1857 3681 2224 3761 sequendum
2271 3678 2354 3752 id,
2398 3679 2560 3758 quod
2603 3679 2698 3740 rei

515 3773 727 3820 natura
753 3780 859 3838 pro
892 3782 1031 3821 vero
1060 3763 1277 3821 habere
1299 3764 1486 3842 jubet.
1571 3764 1705 3823 Erit
1731 3765 1911 3844 igitur
1938 3767 2063 3824 ὖκέι
2089 3762 2248 3822 idem
2268 3760 2428 3839 quod
2447 3764 2517 3820 im
2541 3758 2620 3832 ἓν,
2649 3760 2692 3821 ἰ.

514 3861 569 3903 e.
604 3843 689 3923 1.)
727 3863 1020 3923 nomergo.
1051 3843 1257 3922 Eurip.
1282 3844 1477 3904 Orest.
1500 3849 1680 3906 1606.·
1708 3850 1834 3909 imin
1863 3845 1928 3907 οὗ
1954 3871 2038 3921 γε,
2063 3864 2177 3906 non
2199 3863 2336 3923 ergo
2352 3852 2418 3902 tu
2441 3840 2690 3924 quidem.

514 3923 609 4006 2.)
645 3946 759 3985 non
788 3945 943 3983 sane.
976 3925 1251 4004 Sophocl.
1286 3928 1459 4004 Ajac.
1497 3930 1677 3988 1336.

676 4088 833 4149 Ἀλλ’
860 4093 1008 4150 aava»
1034 4089 1205 4167 ’ἔμοι-αις
1246 4090 1345 4152 {in-³
1372 4094 1467 4166 ἔγὺ
1494 4091 1672 4152 τοιόνδε
1695 4120 1788 4170 μοι

675 4173 799 4232 &xgr
828 4173 1141 4250 ἀτιμία-αφ’
1168 4171 1251 4233 οἷν.

511 4342 784 4410 attamen,
812 4337 1068 4416 quamvis
1094 4336 1267 4397 talem
1292 4357 1353 4399 se
1387 4359 1527 4420 erga
1554 4359 1644 4399 me
1677 4339 2020 4422 praebroeria
2068 4359 2182 4400 non
2229 4357 2368 4401 sane
2413 4358 2516 4420 ego
2563 4357 2696 4408 eum

1557 4427 1588 4469 2
