3067 4934
1372 288 1501 335 KAI
1550 247 1719 335 nni.
2541 278 2662 341 278

458 449 572 523 μέν·
600 455 805 503 contra
832 468 907 505 m
930 443 1127 523 aliquo
1153 442 1331 501 modo
1356 442 1678 503 imminuit:
1723 444 2198 523 conveniuntque
2222 443 2315 501 hae
2334 442 2648 523 particulae,

462 527 710 597 Socrati,
760 536 821 584 et
865 524 1167 585 Socratico
1215 525 1363 582 mori
1407 526 1708 618 rigunthem,
1761 544 1890 583 raro
1917 524 2137 603 aliquid
2179 525 2503 597 affirmanti,
2531 526 2642 585 sed

461 607 944 667 asseverationem
973 626 1050 664 ex
1078 606 1316 665 alterius
1336 606 1562 685 judicio
1590 607 1984 684 suspendenti.
2029 674 2036 683 .
2071 608 2168 665 Ita
2197 626 2362 666 more
2388 626 2493 665 suo
2527 608 2640 665 So-

458 700 647 747 crates
674 688 831 767 apud
864 688 1010 746 Plat.
1054 687 1129 746 de
1176 688 1328 765 Rep.
1376 688 1475 744 lib.
1515 688 1622 745 VI.
1671 706 1804 765 pag.
1833 694 1972 748 485.
2012 688 2121 765 [T.
2153 688 2292 746 VII.
2321 709 2380 765 p.
2408 694 2508 747 53.
2537 689 2632 746 ed.

456 770 629 849 Rip]
680 770 957 829 describit
982 768 1123 839 illic,
1173 780 1238 827 ut
1266 768 1441 827 modo
1488 768 1758 839 vidimus,
1788 768 2128 845 Philosophi
2151 782 2441 840 naturam,
2481 770 2634 829 veri-

452 852 559 910 tati
588 852 821 921 intenti,
850 870 886 909 a
910 850 1217 924 mendacio
1237 850 1427 918 alieni,
1457 870 1493 909 a
1520 848 1814 928 corporeis
1837 850 2252 929 cupiditatibus
2275 851 2460 909 liberi.
2519 849 2636 909 His

454 932 816 1003 subditurum
844 922 1101 991 animuin
1130 936 1254 1010 ejus
1280 951 1401 991 non
1428 931 1645 989 debere
1673 951 1798 990 esse
1836 931 2196 1003 illiberalem,
2225 932 2310 991 ita
2333 932 2638 1010 praefaturz

454 1021 564 1074 Ka)
588 1018 693 1091 prir-
710 1040 787 1073 m
812 1021 903 1073 καὶ
931 1010 1039 1073 τόδε
1066 1012 1139 1073 δέ
1170 1018 1393 1082 σιωπᾶν,
1424 1018 1541 1074 ὅταν
1567 1016 1736 1095 κζίιειν
1759 1013 1957 1093 μέλλῃς
1987 1014 2135 1087 φύσιν
2163 1016 2435 1087 φιλόσοφόν
2463 1039 2516 1075 τι
2543 1019 2640 1075 καὶ

452 1094 674 1172 μέ..ιὼὶ
700 1100 793 1154 καὶ
820 1094 1121 1173 sequentia
1147 1093 1614 1172 praecedentibus
1633 1095 1854 1173 jungit,
1881 1100 1976 1172 μὲν
2003 1105 2314 1166 asseverat,
2344 1122 2418 1155 ms
2443 1093 2638 1151 nimiae

456 1174 841 1235 asseverantis
868 1175 1237 1234 confidentiae
1264 1188 1440 1253 atque
1484 1175 1731 1235 fortasse
1782 1176 2151 1253 arrogantiae,
2183 1195 2312 1253 quae
2340 1194 2633 1235 assevera-

456 1257 603 1317 tioni
630 1256 817 1315 inesse
844 1257 1024 1335 possit
1052 1258 1251 1327 videri,
1294 1256 1582 1315 medelam
1609 1256 1796 1328 affert,
1838 1276 1966 1315 eam
2008 1257 2404 1315 imminuendo
2458 1258 2562 1338 (q.'
2579 1256 2636 1315 d.

455 1338 701 1397 fortasse
728 1338 841 1397 hoc
871 1349 1096 1398 certum
1124 1339 1326 1397 haberi
1352 1338 1560 1418 debet)
1598 1338 1656 1395 vi
1697 1357 1804 1411 sua
1830 1344 2168 1419 στοχαστικῇ·
2197 1348 2258 1397 et
2284 1339 2522 1398 tandem
2549 1337 2632 1394 al-

456 1430 650 1478 terum
673 1418 816 1478 illud
841 1427 932 1480 xa)
960 1432 1049 1478 est
1078 1420 1367 1480 ἔπιδοτικόν.
1454 1419 1554 1477 Sic
1597 1430 1848 1498 quatuor
1876 1419 2178 1498 particulae
2204 1427 2294 1480 mi
2318 1424 2411 1497 μέν
2439 1446 2522 1479 πε
2540 1424 2641 1481 καὶ

458 1512 741 1561 exercent
768 1501 1011 1578 singuloe
1038 1500 1275 1579 egregie
1302 1519 1465 1559 suam
1493 1512 1868 1579 potestatem,
1898 1520 2090 1578 neque
2117 1500 2278 1559 nulla
2305 1520 2410 1559 suo
2438 1499 2632 1577 fungi-

454 1594 553 1644 tur
568 1581 775 1641 officio·
803 1584 885 1641 Et
894 1586 1153 1662 profecto
1173 1583 1343 1641 etiam
1350 1603 1463 1659 pro
1484 1591 1638 1641 certo
1655 1583 1851 1641 haberi
1871 1582 2051 1653 debet,
2060 1582 2175 1661 ,hoc
2197 1603 2313 1641 esse
2333 1582 2630 1641 observan-

462 1666 622 1736 dum,
652 1686 819 1745 quum
828 1665 1101 1745 judicare
1126 1662 1263 1723 velis
1289 1672 1574 1734 naturam,
1591 1684 1721 1741 quae
1748 1664 1824 1723 sit
1840 1662 2248 1743 philosophica,
2273 1674 2326 1723 et
2348 1684 2476 1742 quae
2499 1684 2631 1722 non.

1222 1876 1463 1955 KAr
1544 1882 1874 1959 NTN.

535 2068 586 2127 1.
628 2067 790 2127 Nihil
817 2068 1009 2127 dicam
1036 2068 1113 2127 de
1139 2066 1435 2127 tritissimo
1456 2060 1893 2151 ⁸particularum
1934 2076 2026 2132 καὶ
2056 2078 2132 2133 νῦν
2160 2090 2270 2131 usu
2315 2070 2410 2131 vel
2437 2081 2629 2149 potes-

452 2159 593 2218 tate,
610 2170 805 2229 .quum
831 2150 1026 2228 potius
1075 2161 1321 2228 utraque
1348 2170 1453 2227 per
1480 2170 1544 2211 se
1587 2152 1926 2231 spectanda<
1949 2152 2046 2225 sit,
2078 2152 2312 2231 quando
2339 2160 2632 2225 notantnet

451 2252 620 2303 nunc,
649 2231 741 2289 vel
766 2252 915 2293 nunc
941 2232 1129 2298 etiam,
1182 2242 1247 2290 ut
1278 2233 1421 2291 Act.
1451 2234 1662 2309 Apost.
1711 2234 1878 2291 XVI.
1919 2237 1994 2297 37
2001 2276 2016 2290 .
2101 2234 2219 2293 Sed
2246 2254 2364 2292 non
2392 2244 2633 2313 praeter-

453 2312 771 2371 mittendos
798 2313 940 2371 duxi
984 2313 1229 2371 duarum
1258 2324 1710 2391 aggregatarum
1738 2334 1876 2373 usus
1902 2316 2107 2373 varios.
2191 2315 2271 2373 Et
2306 2314 2634 2393 generatim

452 2394 690 2471 quidem
710 2404 917 2452 notant
941 2396 1248 2471 μετάβασιν,
1280 2414 1399 2453 non
1421 2405 1544 2453 tam
1559 2396 1632 2455 ab
1662 2416 1780 2455 una
1798 2396 1876 2455 ad
1894 2396 2064 2456 aliam
2086 2396 2361 2475 orationis
2381 2408 2628 2476 partem,

451 2486 555 2535 aut
570 2476 643 2532 ab
661 2487 1007 2551 argumento
1026 2475 1100 2532 ad
1120 2486 1553 2551 argumentum;
1584 2497 1757 2555 quam
1781 2496 1896 2556 qua
1911 2498 1946 2537 a
1965 2478 2271 2557 praemissis
2289 2477 2630 2537 necessariis
2681 2494 2685 2501 ·

446 2556 525 2613 ad
551 2575 675 2614 rem
702 2555 907 2633 ipsam,
952 2573 1083 2633 quae
1108 2556 1361 2615 maxime
1396 2557 1740 2630 intenditur,
1784 2560 2077 2618 transitur.
2161 2560 2372 2637 Neque
2415 2580 2508 2619 res
2557 2578 2632 2619 ea

450 2636 676 2695 ratione
706 2648 890 2704 caret;
930 2656 1066 2695 nam
1095 2656 1230 2695 cum
1269 2644 1360 2697 m>
1386 2648 1765 2717 ευριπ-λεκτικὸν
1790 2641 2023 2700 facilem
2065 2642 2324 2719 praebeat
2345 2661 2382 2699 a
2407 2640 2636 2721 superi-

454 2717 651 2777 oribus
679 2717 755 2775 ad
802 2718 1106 2797 sequentia
1131 2720 1458 2791 transitum,
1488 2721 1744 2779 ostendit
1782 2728 1838 2781 τὶ
1882 2732 1975 2790 νῦν,
2006 2722 2306 2800 praesentis
2352 2722 2640 2801 temporis

450 2808 740 2879 punctum
767 2810 999 2872 notans,
1044 2798 1355 2858 deductam
1384 2820 1511 2859 esse
1561 2802 1885 2860 orationem
1932 2804 2008 2861 ad
2055 2802 2140 2874 id,
2167 2804 2328 2882 quod
2354 2804 2637 2882 imprimis

451 2890 821 2959 spectaverat
848 2892 1072 2940 auctor.
1114 2924 1121 2929 ·
1156 2882 1359 2939 Minus
1387 2893 1584 2941 tamen
1611 2882 1904 2957 familiaris
1939 2896 2028 2943 est
2054 2884 2182 2943 haec
2212 2884 2361 2944 ratio
2387 2882 2633 2964 loquen-

452 2962 513 3021 di
540 2960 955 3040 antiquissimis
985 2962 1230 3034 Graecis‚
1272 2963 1449 3021 sacris
1476 2963 1856 3041 scriptoribus
1895 2965 2274 3043 frequentior.
2358 2966 2452 3024 Ita
2481 2966 2635 3025 Pau-

448 3042 543 3101 lus
570 3043 631 3101 in
661 3046 803 3105 Act.
834 3046 1046 3121 Apost.
1076 3063 1203 3121 cap.
1230 3044 1367 3101 XX.
1398 3044 1663 3105 ultimum
1706 3047 1832 3105 vale
1859 3046 2182 3107 senioribus
2213 3046 2482 3126 Ephesiis
2509 3046 2634 3107 dic-

450 3134 640 3197 turus,
669 3124 920 3203 primurn
948 3124 1214 3203 pluscula
1250 3124 1392 3184 dicit
1420 3126 1495 3184 de
1522 3126 1612 3198 iis,
1631 3147 1760 3205 quae
1789 3127 1942 3187 inter
1962 3128 2115 3205 ipsos
2143 3128 2238 3206 pie
2268 3126 2634 3209 candideque

450 3218 680 3284 egerat:
708 3206 1155 3284 hispraemissis,
1189 3206 1287 3265 ubi
1308 3206 1383 3265 ad
1410 3226 1533 3265 rem
1555 3208 1738 3286 ipsam
1764 3209 2050 3287 pervenit,
2079 3208 2440 3269 indicaturus
2461 3230 2636 3270 suum

448 3288 523 3347 ab
552 3288 689 3366 ipsis
718 3288 1055 3359 discessum,
1098 3288 1181 3346 ita
1206 3287 1399 3367 pergit
1426 3308 1637 3350 comm.
1691 3294 1790 3349 22.
1869 3296 1977 3351 Ka>
2008 3300 2081 3352 νῦν
2111 3289 2214 3363 ἰδὲ,
2261 3294 2356 3366 ἐγὼ
2397 3290 2635 3371 >deposim-

451 3375 529 3448 τᾷ
554 3370 831 3447 Enim-art,
855 3370 1127 3451 rogabam
1156 3376 1221 3436 εἰς
1245 3371 1568 3452 ‘Item-amip-
1651 3372 1732 3432 Et
1761 3393 1909 3431 nunc
1953 3393 2092 3444 ecce,
2121 3394 2224 3453 ego
2273 3375 2489 3433 vinctus
2515 3375 2632 3455 spi-

450 3452 571 3510 ritu
588 3451 920 3531 proficiscor
950 3449 1398 3530 Hierosolymas.
1439 3478 1443 3489 ·
1482 3452 1639 3511 Mox
1662 3474 1859 3513 rursus
1889 3472 2102 3512 comm.
2121 3458 2219 3515 25.
2248 3452 2631 3528 indicaturus,
2713 3520 2720 3528 ,

454 3531 845 3591 discessurum
872 3552 935 3591 se
966 3531 1039 3590 ab
1062 3531 1197 3609 ipsis
1226 3532 1285 3589 in
1314 3544 1618 3606 aeternum,
1649 3554 1765 3613 quo
1792 3536 1942 3595 viam
1971 3547 2192 3594 sternat
2218 3536 2292 3595 ad
2319 3538 2416 3615 pia
2442 3538 2630 3595 moni-
2683 3562 2688 3565 ·

447 3624 529 3685 ta,
560 3613 667 3672 ait:
710 3619 818 3673 Καὶ
840 3611 1044 3681 rvr-2325
1062 3616 1173 3686 ἐγὼ
1198 3612 1332 3685 οἶδα,
1364 3617 1437 3674 ἔτι
1468 3616 1605 3676 ixi-re
1633 3614 1822 3691 ἕψει-θα
1847 3624 1903 3676 τὶ
1932 3619 2192 3699 πςόσυπὸν
2214 3645 2310 3696 με.
2376 3618 2457 3677 Et
2485 3640 2635 3679 nunc

454 3714 595 3767 ecce,
617 3716 721 3777 ego
747 3695 883 3767 scio,
910 3715 1007 3753 vos
1034 3716 1321 3775 nunquam
1350 3697 1570 3755 visuros
1596 3698 1930 3776 essefflciem
1959 3719 2154 3757 meam.
2507 3695 2513 3707 '

516 3856 605 3915 11.
638 3857 961 3935 Specialior
981 3877 1119 3917 usus
1138 3869 1229 3916 est
1252 3858 1313 3915 in
1335 3858 1737 3937 petitionibuS,
1759 3860 1860 3918 ubi
1880 3880 1918 3919 a
1937 3862 2124 3921 causis
2143 3862 2457 3944 impulsivis
2478 3874 2636 3922 tran·
2741 3868 2745 3878 “

460 3939 607 3998 situr
644 3939 718 3997 ad
747 3940 929 4017 ipsam
955 3960 1005 4078 p)
1032 3939 1319 3998 titionem.
1405 3941 1500 3999 Ita
1526 3942 1944 4001 Macchabaeus
1971 3943 2226 4004 instituit
2254 3964 2384 4003 suas
2425 3965 2633 4023 preces

460 4018 563 4078 lib.
592 4021 673 4078 ΙΙ.
707 4019 967 4079 Maccha
1010 4064 1025 4079 .
1056 4039 1183 4099 cap.
1212 4020 1345 4080 XV.
1380 4041 1592 4081 comm.
1623 4026 1720 4083 22.
1761 4026 1864 4095 Σὺ,
1899 4026 2155 4095 Δέσποτα,
2207 4028 2520 4094 ἀπέστειλας
2555 4034 2636 4087 τὶ,

430 4100 683 4175 ’ἄγγελόν
725 4128 790 4162 σε
830 4105 913 4163 ἰπὶ
945 4102 1165 4182 Ἐζεκιέ,
1210 4108 1277 4163 ri?
1292 4106 1542 4173 βασιλέως
1571 4112 1654 4171 τῆς
1692 4104 1934 4175 ’Ῑκὸαιᾍις,
1979 4115 2072 4169 καὶ
2099 4116 2280 4175 ἀνεῖλες
2310 4110 2361 4166 ἐκ
2386 4115 2470 4181 τῆς
2498 4135 2635 4189 ποις-

460 4190 679 4258 σμβολὶἳς
708 4190 1047 4266 Σειναχηςοὶμ
1074 4191 1137 4252 εἷς
1166 4190 1337 4245 {aaran
1365 4184 1806 4271 &maumam-{15¹
1831 4186 2096 4267 χιλιάδας.
2165 4196 2272 4250 Καὶ
2302 4198 2408 4257 viia·
2433 4192 2636 4248 Δαναίσ-

458 4290 533 4323 τι
558 4269 668 4325 az·
712 4267 745 4323 ἃ
776 4271 931 4333 φῶς·
972 4268 1269 4328 ἀπόστειλον
1314 4267 1543 4341 ἄγγελον
1584 4272 1783 4341 siqu-9311
1822 4268 2096 4351 ἴμπςοσθεν
2135 4274 2264 4340 ἦμῖν
2304 4277 2388 4335 εἰς.
2409 4268 2506 4336 δέος
2541 4277 2642 4337 ,καὶ

460 4345 662 4427 τςόμυ.
807 4369 867 4419 u,
894 4348 1163 4422 Domine,
1190 4348 1395 4410 misisti
1420 4347 1682 4453 augg-lym
1709 4359 1864 4427 tuum
1895 4360 2141 4430 tempore
2166 4350 2452 4433 Ezechiae,
2471 4351 2631 4431 regis
