3067 4934
473 245 594 302 406
1503 239 1631 297 οῖ’.

479 419 886 489 precaturum3
927 409 1033 467 sed
1057 406 1396 487 simpliciter
1422 405 1719 486 intelligit,
1746 425 1810 466 se
1836 424 1959 466 non
1984 405 2183 466 dicere
2208 405 2371 490 illud.
2450 405 2651 480 Ratio,

480 510 587 550 cur
613 489 711 548 hic
740 509 875 550 usus
901 495 975 570 τᾷ
988 495 1117 567 φημὶ
1137 489 1452 564 adhaereat,
1475 487 1726 559 videtur,
1744 488 1903 566 quod
1922 487 2038 548 hoc
2055 487 2295 548 verbum
2310 497 2523 565 praeter
2542 507 2648 548 no-

477 574 700 632 tionem
729 572 980 641 dicenffl,
1010 571 1184 630 etiam
1212 569 1515 650 speciatim
1542 569 1861 629 affirmandi
1886 568 2066 628 habet
2091 578 2463 648 potestatem,
2493 567 2650 630 unde

475 653 696 713 multus
717 672 854 712 usus
882 663 969 712 est
991 652 1051 710 in
1079 652 1555 732 responsionibus
1576 648 1943 722 affirmativis,
1964 669 2072 729 pro
2087 652 2285 723 ἐνέγκῃ
2304 653 2392 726 μὲν
2412 647 2489 718 ἓν,
2515 652 2650 712 πάνυ

475 737 565 814 μὲν
591 731 668 802 ὅν,
714 746 772 794 et
799 733 1097 793 similibus·
1167 731 1301 794 Vid.
1336 733 1551 792 AElian.
1581 733 1655 791 V.
1690 731 1772 790 H.
1800 730 1899 790 lib.
1930 731 2012 790 11.
2030 750 2159 811 cap.
2189 736 2241 790 1.
2262 733 2357 790 ubi
2380 731 2656 790 Socrates

480 813 795 887 Alcibiadi,
839 813 1124 875 metuenti
1152 814 1212 872 in
1239 813 1441 894 populi
1469 814 1815 874 concionem
1855 812 2112 891 prodire,
2155 813 2410 870 animum
2452 811 2651 872 subdi-

476 908 644 957 turus
672 907 866 975 rogat:
911 897 996 958 Ου’
1020 903 1348 980 auvavensi&
1377 897 1526 957 ἓκείνε
1552 900 1620 956 ri?
1660 896 1977 971 σκυτοτόμες
2022 901 2077 954 τὶ
2120 893 2275 971 ’ὄνομα
2314 893 2458 954 εἴη-ὼ
2499 897 2650 956 αὖε-ἔ.

479 978 909 1039 ΦΗΣΑΝΤΟΣ
939 977 990 1038 δὲ
1017 983 1084 1038 ri?
1110 975 1444 1046 Ἀλκιβιάδες,
1480 977 1950 1048 ὑπολαβὸν,παι’λυ
1981 980 2005 1036 ὖ
2034 978 2312 1057 ,Σειρίτης
2355 986 2469 1034 etc.
2554 977 2651 1034 An

477 1080 592 1119 non
617 1060 922 1120 contemnis
949 1068 1193 1120 sutorem
1220 1058 1416 1117 illum?
1455 1067 1511 1117 et
1538 1058 1746 1138 adjecit
1773 1061 1891 1138 ejus
1920 1077 2136 1116 nomen.
2208 1057 2511 1114 Annuente
2539 1055 2643 1115 Al-

477 1141 717 1210 cibiade,
756 1157 956 1200 rursus
979 1139 1187 1220 exeipit
1220 1143 1479 1200 Socrates
1510 1150 1627 1199 etc.
1712 1143 1979 1210 ovio-ung,
2027 1136 2236 1216 inquit,
2280 1136 2379 1196 ubi
2420 1138 2648 1210 λίγυτος

475 1221 762 1284 soloecum
800 1221 972 1284 foret.
1063 1221 1125 1280 Si
1153 1221 1312 1297 <palma
1341 1219 1518 1299 igitur
1546 1231 1635 1278 est
1660 1219 1964 1298 qffirmare,
2000 1238 2271 1288 annuere,
2314 1219 2643 1288 consentire.

475 1316 684 1384 sponte
711 1303 994 1386 sequitur,
1039 1305 1072 1364 ἑ
1099 1304 1262 1380 φάναι
1287 1302 1379 1362 vel
1405 1299 1482 1380 μοὶ
1511 1300 1672 1376 φάναι
1701 1321 1827 1360 esse
1867 1320 2104 1380 negare,
2147 1319 2266 1360 non
2302 1299 2445 1358 item
2489 1303 2520 1360 ἐ
2563 1301 2645 1364 λέ-

473 1412 592 1460 yur.

555 1549 758 1606 XXII.
829 1547 948 1608 Sed
987 1558 1050 1607 et
1090 1551 1123 1608 ἑ
1163 1567 1282 1607 non
1323 1559 1552 1609 tantum
1593 1550 1835 1627 verbum
1876 1547 2295 1619 affirmativum,
2338 1547 2423 1605 uti
2466 1546 2642 1607 modo

478 1629 720 1699 dictum,
752 1629 1043 1689 convertit
1069 1629 1128 1687 in
1157 1631 1514 1708 negativum,
1556 1650 1756 1690 verum
1783 1631 2014 1689 videtur
2051 1630 2226 1688 etiam
2268 1648 2504 1701 nomen,
2546 1648 2652 1688 cu-

470 1716 567 1792 jus
594 1712 929 1788 exemplum
957 1721 1046 1770 est
1071 1709 1134 1768 in
1162 1711 1330 1791 epist.
1357 1713 1433 1772 ad
1463 1713 1636 1772 Rom.
1668 1733 1797 1794 cap.
1824 1713 1944 1772 111.
1974 1731 2185 1770 comm.
2214 1715 2313 1770 20.
2370 1717 2460 1770 Διὶ
2498 1713 2547 1784 ἐξ
2573 1709 2651 1792 ’c‘g-

472 1820 575 1868 eyen
612 1794 733 1872 νόμε
775 1797 808 1854 s
847 1792 1230 1859 3maem5=5maec
1272 1802 1422 1855 πέσω
1463 1795 1613 1878 wig}-
1699 1795 1762 1854 Si
1801 1793 2083 1854 verbatim
2124 1791 2461 1852 reddamus:
2502 1793 2644 1852 Ideo

476 1896 546 1934 ex
572 1874 831 1968 operibus
857 1873 1000 1956 legis
1026 1895 1138 1934 non
1159 1875 1581 1956 justificabitur
1619 1878 1797 1936 omnis
1837 1897 1989 1935 caro.
2030 1873 2355 1934 videbimur
2396 1871 2648 1952 aliquam

478 1975 753 2034 excipere
782 1975 1039 2028 carnem,
1083 1976 1213 2034 quae
1241 1976 1318 2015 ex
1347 1957 1620 2037 operibus
1645 1957 1792 2036 legis
1812 1956 2117 2036 justificari
2135 1955 2349 2036 possit:
2395 1975 2529 2014 cum
2556 1965 2647 2014 ta-

476 2035 964 2117 menApostolus
1006 2035 1218 2096 nullam
1259 2059 1483 2098 carnem
1526 2039 1832 2118 intelligat.
1917 2039 2213 2098 Caeterum
2254 2037 2408 2095 idem
2450 2037 2647 2095 obser-

474 2119 726 2180 vandum
757 2139 990 2199 quoque
1018 2119 1077 2177 in
1102 2125 1173 2198 μὴ
1210 2120 1579 2199 prohibente.
1623 2132 1687 2179 ut
1728 2120 1939 2179 Psalm.
1968 2119 2203 2178 LVIII.
2235 2136 2444 2177 comm.
2474 2123 2532 2180 5.
2560 2121 2649 2182 Mn}

476 2205 741 2284 οέκτςῆσεις
772 2204 976 2268 πάντας
1004 2204 1095 2268 vise
1126 2202 1452 2283 ἔςγιζομένες
1482 2207 1565 2266 τὸν
1596 2207 1817 2280 anuph».
1902 2204 1997 2260 Ne
2036 2202 2301 2259 miserere
2338 2198 2511 2258 ullius
2553 2198 2647 2258 vel

477 2284 717 2342 neminis
745 2283 1007 2342 miserere
1033 2303 1244 2341 eorum.
1297 2283 1376 2340 Et
1404 2283 1573 2361 epist.
1600 2283 1775 2362 prior.
1802 2285 1877 2346 ad
1907 2281 2171 2342 Corinth.
2201 2301 2328 2364 cap.
2356 2282 2407 2340 Ι.
2436 2300 2648 2340 comm.

479 2368 581 2424 29.
609 2363 797 2430 ’Ὅπως
825 2369 896 2440 μὴ
931 2367 1164 2444 καυχῆσῃ
1208 2371 1358 2425 arza-a
1401 2366 1551 2447 σείςξ.
1634 2365 1729 2424 Ne
1769 2365 1945 2424 omnis
1986 2363 2043 2423 h.
2088 2382 2140 2421 e.
2198 2363 2272 2424 Ut
2314 2360 2470 2420 nulla
2511 2383 2647 2422 caro

471 2444 775 2540 glorietur.
858 2445 1148 2503 Dubitare
1177 2445 1303 2523 quis
1333 2447 1535 2524 possit,
1580 2457 1773 2504 utrum
1798 2452 1868 2524 μὴ
1896 2447 2138 2505 verbum
2176 2463 2249 2502 an
2291 2439 2505 2502 'nomen
2546 2450 2649 2504 πέι

479 2547 540 2586 m
569 2526 899 2605 oppositam
931 2525 1413 2604 significationem
1456 2539 1779 2600 convertat,
1821 2527 1978 2607 apud
2020 2526 2321 2604 Aristoph.
2363 2526 2423 2582 in
2464 2526 2646 2603 Vesp.

480 2629 536 2668 v.
571 2613 745 2668 1086.
789 2607 888 2666 ubi
915 2606 1121 2685 aliquis
1150 2608 1294 2667 dicit
1321 2628 1383 2668 se
1409 2607 1638 2677 fortem,
1678 2608 1801 2676 ἔφη
1828 2609 2007 2671 πάντα
2032 2613 2102 2686 μὲ
2131 2607 2405 2668 δεδοικέναι.
2488 2605 2651 2664 Red-

480 2690 559 2750 do
599 2688 714 2761 vel,
765 2690 846 2748 ita
888 2698 952 2748 ut
993 2688 1204 2748 nullum
1234 2689 1550 2770 periculum
1593 2691 1861 2750 timerem.
1900 2690 2015 2760 vel,
2060 2699 2123 2748 ut
2165 2690 2351 2747 omnia
2383 2685 2645 2768 pericula

477 2780 901 2833 contemnerem.
984 2771 1152 2830 Idem
1189 2772 1411 2830 dictum
1439 2784 1584 2852 puta
1610 2771 1684 2830 de
1713 2769 1925 2833 ἔδέποτι
1950 2782 2011 2830 et
2038 2769 2316 2828 similibus
2344 2767 2647 2846 negativis,

478 2854 717 2996 uguAct.
751 2853 826 2910 X.
861 2858 955 2912 14·
1000 2852 1247 2915 Οὐδέποτε
1270 2853 1456 2928 ’ἔφαγον
1487 2862 1599 2914 viv
1624 2854 1795 2913 κοινόν.
1876 2854 2184 2938 Nunquam
2218 2852 2312 2911 edi
2352 2852 2647 2932 quicquam

461 2958 510 3017 p
589 2944 765 2994 utum.

559 3097 795 3158 XXIII.
827 3097 968 3157 Huc
997 3098 1187 3160 refero
1216 3111 1276 3158 et
1303 3101 1641 3160 adverbium
1669 3099 1877 3172 ἥκιστα,
1915 3102 2073 3180 quod
2098 3102 2435 3180 praecedens
2464 3104 2541 3179 ἐκ
2568 3120 2643 3160 ex

477 3181 749 3259 negativo
780 3180 838 3237 in
868 3179 1268 3242 affirmativum
1296 3181 1689 3255 transformat,
1720 3203 2047 3262 quanquam
2077 3177 2331 3250 λιτότητος
2372 3185 2488 3241 hoc
2516 3201 2645 3260 spe-

481 3261 673 3321 cimen
701 3262 899 3322 habet.
957 3262 1222 3334 Atticum
1252 3283 1377 3324 esse
1405 3275 1613 3342 putant
1640 3283 1747 3343 pro
1772 3266 2014 3342 paim-w
2044 3263 2293 3342 Vigerus
2320 3276 2383 3324 et
2410 3263 2641 3326 Moeris.

479 3341 618 3402 Vid.
653 3343 1018 3422 Hesychium
1049 3356 1109 3402 et
1137 3345 1353 3406 AElian.
1380 3345 1458 3403 V.
1485 3343 1571 3403 H.
1611 3346 1710 3404 lib.
1756 3345 1896 3403 XII.
1939 3365 2065 3426 cap.
2110 3353 2207 3406 34.
2276 3347 2493 3454 ’Έὶςυτις
2537 3348 2649 3424 ὑμῖν

475 3428 569 3484 τὸν
611 3431 838 3508 ἇςχαίων
877 3432 1066 3486 πολλοὶ
1104 3425 1191 3503 μὲν
1232 3433 1324 3487 καὶ
1365 3428 1524 3488 ἄλλοι
1566 3433 1629 3494 εἰς
1668 3430 1854 3505 μνήμην
1898 3425 2148 3496 amno-m,
2190 3435 2282 3490 καὶ
2323 3445 2439 3495 ἕκτος
2480 3424 2533 3486 δὲ
2574 3429 2653 3506 &z

476 3505 682 3574 ἕκιό-τοι.
766 3507 840 3565 In
872 3507 1073 3588 quibus
1099 3507 1190 3565 hic
1203 3508 1516 3590 prcecipue.
1610 3509 1726 3567 Sed
1750 3509 1871 3569 koec
1897 3508 2131 3569 leviora.

557 3671 766 3729 XXIV
833 3671 952 3731 Sed
979 3670 1106 3748 quis
1135 3659 1321 3748 putet,
1364 3669 1708 3750 particulam
1740 3677 1771 3731 ἑ
1802 3685 2009 3732 contra
2036 3685 2300 3731 naturam
2341 3695 2525 3750 suam,
2578 3688 2652 3736 ut

476 3754 664 3834 prima
683 3753 876 3812 fronte
904 3751 1154 3823 videtur,
1186 3753 1368 3830 magis
1397 3772 1529 3812 esse
1559 3752 1970 3826 affirmativam,
2000 3755 2092 3813 vel
2118 3757 2483 3834 negativam?
2528 3759 2646 3818 Ta-

478 3836 550 3893 lis
579 3843 690 3905 est,
713 3851 847 3892 cum
877 3833 936 3890 in
964 3832 1338 3912 responsione
1368 3835 1678 3894 assentitur
1705 3836 1963 3914 neganti,
1984 3836 2088 3894 sed
2114 3855 2233 3894 non
2260 3837 2369 3896 nisi
2398 3841 2647 3919 repetito

481 3919 599 3978 κατ’
625 3915 856 3990 ’ἔλλειψιν
883 3914 1163 3992 superiori
1191 3916 1370 3974 verbo
1397 3928 1631 3994 negato.
1662 3928 1728 3975 ut
1756 3935 1890 3976 cum
1923 3917 2153 3978 Chorus
2194 3918 2336 3978 dicit
2377 3921 2533 3999 apud
2560 3925 2651 3980 A·

477 3996 719 4077 ristoph.
747 3997 806 4054 in
850 3997 1026 4074 Vesp.
1068 4015 1123 4052 v.
1164 3999 1306 4056 629.
1360 3996 1649 4056 admirans
1697 4005 1938 4081 ιὶςωηκὸς
1980 3998 2373 4061 Philocleonis
2415 4002 2649 4064 dicendi

476 4099 728 4160 copiam:
1014 4089 1032 4102 ”
1822 4118 1826 4122 -

800 4243 884 4304 Ου’
910 4241 1111 4301 πώποθ’
1135 4239 1241 4304 {s'w
1267 4245 1505 4325 καθαιςὸς

801 4323 1005 4390 Οὖδυὶς
1033 4321 1303 4401 inicam»,
1335 4326 1392 4383 ὲ·

797 4405 847 4466 δί
874 4411 1074 4480 ξυνιτὸς
1108 4406 1353 4478 livonu-
